2932 4986
492 348 577 404 Liber
595 349 718 418 quintus.
756 347 858 404 Satura
875 348 955 403 XIII.

252 522 321 586 talis
344 527 379 586 ut
402 527 452 586 est
474 519 578 599 bodie,
604 527 816 603 contentaque
839 521 950 586 sidera
971 522 1085 605 paucis

248 633 429 698 numinibus
451 633 603 696 mIserum
626 633 808 716 urguebant
830 633 962 698 Atlanta
984 634 1099 697 minori

248 744 396 828 pondere,
421 742 562 808 noudum
586 743 704 826 aliquis
727 745 858 809 sortitus
880 745 973 810 triste
995 744 1146 828 profundi

195 864 227 919 50
247 856 414 940 imperium
437 861 494 920 aut
515 854 627 920 Sicula
650 863 757 921 torvos
780 876 850 920 curn
874 858 1010 940 coniuge
1032 857 1157 936 Pluton,

247 985 304 1032 nec
325 973 397 1032 rota
419 985 480 1031 nec
502 966 622 1032 Furiae
644 986 704 1032 nec
726 963 841 1032 saxdrn
864 974 921 1032 aut
942 968 1080 1034 vulturis
1102 969 1164 1032 atri

245 1098 358 1163 poena,
382 1077 442 1144 sed
464 1078 602 1143 infernis
625 1078 746 1143 hilares
769 1080 841 1143 siue
863 1079 994 1164 regibus
1018 1079 1159 1144 umbrae.

245 1190 421 1274 inprobitas
443 1190 501 1255 illo
523 1189 586 1255 luit
607 1189 807 1255 admirabilis
830 1210 920 1271 aevo,

245 1300 421 1367 credebant
442 1322 504 1384 quo
527 1301 652 1386 grande
675 1302 767 1367 nefas
790 1308 822 1368 et
843 1311 946 1368 morte
969 1302 1125 1386 piandum

190 1423 224 1476 55
245 1415 271 1478 51
293 1414 422 1479 iuvenis
445 1415 553 1480 vetulo
576 1433 640 1478 nou
663 1412 892 1479 adsurrexerat
914 1421 947 1480 et
969 1415 998 1478 si

244 1525 378 1591 barbato
401 1527 591 1608 cuicumque
613 1545 703 1609 puer,
727 1527 804 1591 licet
825 1527 896 1608 ipse
918 1525 1045 1591 videret

245 1638 338 1720 plura
360 1636 447 1702 dorni
470 1636 566 1720 fraga
589 1645 621 1703 et
644 1639 783 1703 maiores
805 1636 935 1720 glandis
959 1656 1107 1716 acervos;

244 1755 309 1814 tam
332 1749 520 1814 venerabile
543 1754 614 1814 erat
636 1747 834 1832 praeoedere
856 1756 1008 1831 quattuor
1031 1751 1133 1829 annis,

244 1861 413 1943 primaque
435 1880 494 1944 par
517 1859 600 1926 adeo
623 1880 737 1926 sacrae
758 1861 878 1943 lanugo
902 1868 1062 1927 senectae.

187 1979 222 2034 60
244 1992 327 2037 nunc
350 1974 378 2038 si
401 1972 585 2057 depositum
608 1993 672 2037 non
695 1972 849 2038 infitietur
872 1974 1003 2055 amicus,

245 2085 271 2148 si
293 2083 410 2149 reddat
431 2091 576 2149 veterem
599 2104 670 2148 cum
692 2091 761 2149 tota
783 2085 939 2169 aerugine
962 2084 1082 2166 follem,

244 2195 428 2278 prodigiosa
449 2195 532 2261 fides
556 2202 588 2261 et
610 2197 726 2261 Tuscis
748 2194 849 2280 digna
870 2195 991 2262 libellis

170 2328 361 2337 ..ι-...-

260 2387 301 2437 19.
337 2384 442 2453 aliquis
453 2403 500 2436 om.
513 2385 606 2438 Paua.
618 2389 752 2453 tamquam
760 2384 887 2438 scholiam
895 2403 924 2454 p.
947 2381 1082 2438 ‘Fortasse
1095 2380 1176 2439 allus'
1185 2385 1289 2438 Jatnl.

260 2474 299 2523 58.
336 2476 393 2526 tam
413 2472 439 2524 P
460 2471 506 2525 vel
523 2477 618 2539 tump
637 2470 720 2534 (idem
738 2469 884 2524 coniecerat
906 2471 1008 2524 Joan
1028 2475 1053 2523 et
1077 2470 1106 2523 r'n
1124 2475 1199 2538 15515
1222 2471 1290 2523 cd?

164 2557 267 2625 posuit).

260 2723 321 2775 555.
357 2719 491 2790 cyprian.
504 2721 595 2775 Lavit.
610 2721 687 2775 1905.
713 2721 738 2774 51
764 2720 875 2774 iuvenis
896 2719 992 2774 vetulo
1017 2736 1074 2775 non
1099 2720 1291 2775 adsurrexerit

165 2811 191 2861 ot
206 2808 230 2862 si
248 2806 371 2861 Barbato
390 2807 558 2874 cuicumque
577 2821 654 2875 puer.

226 2972 285 3026 485.
321 2970 457 3025 Priscian.
471 2968 528 3023 VII
549 2971 588 3035 13,
602 2971 635 3021 69
654 2968 735 3024 GLK.
750 2969 779 3024 lI
798 2970 856 3029 316,
871 2969 901 3020 12
921 2967 1074 3031 (IuvenaIIs
1093 2969 1123 3022 in
1141 2968 1178 3023 V:
1199 2971 1290 3024 nurni-

163 3057 242 3112 uibus
258 3058 390 3112 miserum
408 3055 568 3124 urguebant
586 3054 704 3110 Atlanta
721 3055 823 3109 mlnori
841 3054 985 3117 Pondere).

162 3220 262 3277 lluse:
288 3235 398 3276 ornnem
420 3221 504 3274 istam
529 3218 682 3287 ignobilem
705 3219 820 3272 deorum
843 3218 966 3283 turbam,
995 3233 1077 3286 quarn
1104 3217 1190 3287 longo
1218 3233 1289 3273 aevo

161 3307 243 3376 longa
259 3307 426 3376 superstitio
445 3306 596 3373 congessit.
634 3302 697 3372 Vgl.
712 3304 784 3358 anch
803 3304 843 3357 ld.
858 3304 893 3358 ib.
908 3303 953 3358 111
968 3305 1005 3370 rt,
1019 3305 1035 3354 3
1047 3303 1093 3358 fin.
1106 3306 1165 3359 und
1177 3304 1218 3360 IV
1230 3308 1254 3359 8.

120 3398 124 3403 '
225 3396 266 3445 19.
302 3391 401 3461 aliquio
418 3391 463 3446 fuir
481 3392 603 3458 Nuptan,
623 3389 736 3444 ’5115511515
754 3390 808 3444 wic
827 3388 900 3444 allus
921 3391 942 3453 1,
959 3391 989 3440 to
1007 3388 1053 3444 5115
1072 3391 1165 3457 Iason,
1187 3395 1226 3455 io,
1240 3393 1289 3443 257

161 3476 204 3533 dir
220 3479 336 3534 Laertes
355 3484 399 3542 (su
420 3480 442 3544 1,
457 3480 505 3540 10).

225 3565 311 3619 Pater
329 3565 391 3633 ipso
409 3562 542 3634 profundi
555 3562 645 3617 beisst
657 3562 771 3630 Neptun
789 3559 852 3615 Val.
865 3560 905 3615 Fl.
920 3561 949 3614 lI
963 3564 1020 3613 606.
1043 3561 1123 3617 Ovio.
1137 3564 1171 3616 11.
1186 3565 1228 3619 XI
1241 3567 1290 3615 203

161 3666 276 3720 cumque
294 3649 481 3717 tridentigero
501 3648 602 3702 tumidi
620 3648 750 3716 genitore
768 3646 908 3715 profundi.

227 3740 267 3789 51.
304 3735 418 3789 cubaria
436 3733 498 3787 otrc'.
536 3733 598 3789 Seu.
611 3733 726 3803 Thyest.
742 3735 773 3784 10
792 3732 909 3802 (Tityus)
928 3734 1086 3789 ulscoribus
1104 3740 1180 3789 atras
1198 3736 1291 3803 pascit

160 3822 269 3878 effossis
288 3837 364 3876 aves.
395 3818 403 3837 ⁸

226 3910 266 3960 53.
304 3906 472 3961 5515515αὸἰῶ
490 3904 671 3969 55515555Ιί55,
690 3905 743 3960 wic
762 3906 913 3960 admiratio
931 3906 1090 3961 Erstaunon
1108 3910 1132 3972 ti,
1145 3911 1203 3961 616.

226 3996 267 4045 611.
303 3991 443 4048 Δ515511515
472 3992 618 4047 Claudlau.
641 3991 730 4046 Laud.
753 3990 861 4047 Stilicb.
884 3992 913 4046 11
938 3994 969 4042 55
999 3993 1090 4048 lustos
1117 3994 1290 4063 nimiumque

159 4078 254 4134 fideles
272 4079 359 4133 Fama
375 4083 457 4147 putat
474 4080 524 4146 qni
543 4094 606 4132 curu
623 4079 736 4147 possint
754 4078 902 4132 commlssa
920 4092 1023 4146 negare
1044 4079 1194 4134 llalucrint
1212 4080 1290 4135 nullo

159 4164 258 4220 violati
276 4165 394 4220 reddere
413 4172 540 4234 quaestu.

226 4254 266 4303 aa.
308 4251 449 4304 1155515-
467 4249 569 4303 labellis.
600 4249 668 4305 Was
681 4251 728 4304 eiu
739 4248 901 4318 prodigium
913 4249 1035 4306 bodeute
1049 4252 1126 4320 (quid
1138 4254 1291 4321 portendat

159 4336 337 4407 prodlglnmr‚
356 4335 452 4392 warde
470 4336 648 4406 gewbbnlicb
667 4335 754 4391 durch
773 4336 820 4390 eln
838 4350 1002 4405 responsum
1021 4337 1071 4393 der
1094 4338 1291 4395 55555ὶί55555
1317 4342 1322 4351 ’
