2932 4986
503 367 588 423 Liber
606 367 715 422 tertius.
752 365 855 421 Satura
872 367 953 423 v111.

260 538 444 623 segnipedes
467 537 624 621 dignique
646 538 767 603 molam
789 557 923 604 versare
945 547 1090 622 nepotes.

259 670 324 735 ergo
345 657 383 716 ut
402 651 559 715 miremur
580 656 622 730 te,
648 668 712 715 non
734 656 800 730 tua,
825 651 953 733 privum
976 650 1103 731 aliquid
1125 649 1176 731 da,

258 761 333 843 quod
354 763 478 845 possim
500 760 606 826 titulis
627 760 773 826 insidere
795 768 925 844 praeter
948 760 1087 826 honores

216 877 326 954 liquos
347 872 415 937 illis
438 871 554 938 damrm
577 889 616 935 ao
639 869 797 953 dedimus,
822 872 940 954 quibus
963 873 1071 937 omnia
1093 871 1203 938 debes.

289 983 368 1049 haee
392 983 473 1049 satis
495 981 539 1049 ad
560 983 714 1048 iuvenem
737 1002 834 1064 quem
857 983 952 1047 nobie
974 983 1063 1049 fama
1086 983 1262 1067 superbum

255 1093 344 1160 tradit
365 1102 400 1160 et
421 1093 571 1158 inflatum
594 1092 791 1175 plenumque
812 1094 943 1158 Nerone
965 1094 1164 1178 propinqum

255 1223 337 1269 rarus
361 1206 449 1270 enim
472 1204 574 1273 ferme
598 1222 714 1269 sensus
738 1205 917 1268 eommunis
939 1205 975 1268 in
997 1205 1056 1269 illa

254 1314 384 1381 fortuna.
432 1313 491 1380 sed
512 1322 546 1380 te
569 1317 697 1380 oenseri
720 1314 819 1380 laude
840 1323 977 1394 tuorum,

212 1429 236 1484 lt
254 1425 388 1506 Pendeo,
412 1426 573 1490 noluerim
595 1426 643 1490 sio
665 1432 701 1491 ut
723 1425 806 1491 nihil
828 1426 900 1508 ipse
923 1425 1052 1491 futurae

251 1535 350 1602 lendin
372 1555 465 1620 agas.
510 1537 665 1601 miserum
688 1543 739 1601 est
760 1534 900 1601 aliorum
922 1537 1108 1602 inoumbere
1130 1536 1248 1620 lamae,

252 1668 287 1712 ne
308 1647 466 1731 oonlapsa
488 1654 584 1711 ruant
606 1647 773 1712 subductis
795 1654 883 1713 teota
905 1647 1073 1711 columnis.

250 1765 364 1824 stratus
387 1758 477 1822 humi
499 1756 626 1842 palmes
649 1758 766 1824 viduas
788 1757 954 1824 desiderat
977 1759 1089 1823 ulmos.

249 1878 313 1935 esto
336 1869 443 1934 bonus
464 1869 567 1948 miles,
592 1876 677 1933 tutor
700 1870 812 1949 bonus,
838 1869 959 1934 arbiter
980 1868 1067 1934 idem

263 2041 302 2091 tl.
338 2044 460 2106 nepotes
479 2040 507 2092 P
538 2039 689 2107 nepotisp
728 2039 946 2109 >superscriptas
966 2039 1112 2107 proprium
1131 2039 1255 2108 pistoris'j
1276 2061 1297 2091 ω

182 2122 248 2177 lale
263 2125 384 2194 Nepotis
402 2124 506 2176 Joan
514 2124 624 2192 Meyer.

261 2212 302 2264 68.
337 2211 451 2279 privum
472 2208 619 2262 Salmasius
637 2210 759 2278 primum
779 2210 831 2262 Ρω.

261 2297 302 2350 78.
339 2295 487 2351 desiderat
506 2296 533 2348 P
548 2294 725 2350 discinderet
742 2295 771 2347 in
788 2313 871 2365 marp.
890 2313 984 2348 manue
1002 2294 1134 2348 recentior
1153 2295 1298 2351 desideret

175 2378 232 2434 Bur
243 2398 272 2451 p.
286 2387 328 2435 7³.

175 2484 366 2496 Ο--ιι-α

225 2536 265 2587 et.
300 2533 448 2589 Phaedrus
477 2532 609 2603 Appeud.
637 2538 679 2586 19:
717 2551 819 2604 equum
854 2550 869 2589 e
898 2534 1038 2603 quadriga
1071 2535 1169 2590 multis
1196 2534 1298 2604 palmis

168 2619 279 2676 nobilem
296 2619 408 2688 Abegit
426 2619 541 2687 quidam
560 2620 637 2674 etin
655 2621 806 2689 pistrinum
825 2619 963 2673 vendidit.

224 2709 332 2775 nepem
349 2704 442 2760 soviel
461 2705 503 2759 als
519 2706 675 2773 posteritas
693 2721 718 2757 r.
733 2706 774 2755 62,

222 2793 265 2845 ⁸8.
301 2794 342 2854 to,
360 2807 414 2843 non
432 2795 495 2843 tua:
520 2791 604 2845 deine
629 2788 828 2858 persltnlioben
852 2789 1040 2857 Leistungen.
1068 2789 1149 2843 nieht
1176 2789 1227 2844 das
1251 2791 1295 2844 dir

164 2875 243 2930 inreb
261 2875 310 2930 die
328 2874 440 2931 (iebnrt
457 2874 646 2944 anefallene.

220 2958 457 3031 premas‘qotd
472 2961 514 3026 da,
534 2962 588 3016 wie
608 2963 631 3025 3,
648 2962 695 3012 137
714 2960 772 3014 und
787 2962 826 3023 16,
840 2961 873 3010 le
892 2959 928 3012 ds
945 2965 1054 3013 testem.

221 3048 264 3099 ω.
284 3048 326 3098 to.
364 3044 473 3102 Seneca
494 3045 597 3100 Benoll.
618 3044 724 3111 1vao‚
750 3049 760 3096 l
787 3046 816 3100 in
840 3045 974 3099 honorem
999 3042 1132 3097 aliorum.
1163 3044 1240 3098 siout
1267 3044 1296 3097 in

160 3132 286 3197 modis
303 3130 461 3187 bonoribus
472 3132 610 3200 quosdam
623 3133 804 3200 turpissimos
821 3129 959 3185 nobilitas
976 3128 1126 3183 industriis
1144 3127 1194 3183 sed
1213 3129 1297 3184 novis

160 3216 291 3284 nomba
314 3232 373 3272 non
396 3217 605 3272 itineratione:
634 3232 715 3271 suoru
741 3224 784 3272 est
805 3231 969 3284 magnarum
992 3216 1127 3270 virtutum
1153 3216 1296 3268 momoria.

161 3299 220 3370 lsi
238 3303 312 3358 anab
331 3301 402 3357 ibid.
417 3304 467 3366 μ.

223 3390 265 3440 73.
296 3392 396 3459 smne.
433 3387 548 3444 Ebenso
570 3390 609 3454 13,
623 3390 680 3439 236.

221 3490 314 3526 umas
338 3473 489 3526 omanis.
531 3474 682 3528 Entweder
706 3474 778 3528 anob
801 3473 861 3527 hier
887 3471 978 3527 soviel
1005 3470 1047 3526 als
1077 3470 1297 3540 κοινονοημοσὺνη

166 3572 199 3611 ru
217 3560 240 3623 l,
254 3559 314 3621 218)
332 3560 360 3613 d.
377 3558 403 3612 b.
423 3559 544 3614 humane
571 3559 831 3614 thokslohtnahme
856 3556 908 3612 anf
927 3559 1031 3613 andere
1055 3566 1095 3617 (so
1118 3556 1239 3626 Bentley
1262 3574 1297 3611 zu

160 3640 220 3697 fior.
233 3641 292 3698 Sat
303 3642 318 3697 1
331 3646 356 3709 ³,
368 3645 410 3707 66)
429 3645 499 3700 oder
510 3644 652 3713 gesunder
663 3644 814 3709 Verstand
832 3643 888 3698 wie
905 3643 953 3698 bei
965 3643 1108 3697 Phaedrus
1120 3643 1134 3696 1
1148 3644 1171 3706 7,
1190 3657 1234 3696 wo
1247 3642 1298 3695 der

159 3725 247 3783 luens
273 3728 344 3784 tiber
369 3729 417 3785 die
442 3729 688 3799 (iobirnlosigkeit
711 3730 760 3784 der
787 3729 949 3798 tragisohen
974 3727 1072 3782 Maske
1099 3733 1214 3794 spottet:
1242 3726 1297 3780 boo

160 3810 213 3868 illis
229 3813 339 3869 dietum
358 3821 409 3880 ost,
428 3817 533 3884 quibus
550 3816 684 3871 honorem
704 3821 734 3870 et
755 3814 874 3884 gloriam
896 3814 1022 3868 Fortuna
1045 3813 1159 3869 tribuit.
1184 3825 1297 3866 sensnm

160 3912 330 3954 mmunem
349 3900 477 3956 abstulit.

223 3986 333 4037 ts-le.
371 3984 476 4041 Tibull.
496 3987 539 4041 lV
556 3987 622 4050 1,·29
641 3987 705 4042 Non
724 3993 775 4042 tua
792 3986 928 4042 malorum
942 3990 1106 4040 contentast
1118 3981 1211 4051 gloria
1223 3981 1298 4036 fama

160 4066 213 4123 lloe
230 4071 345 4139 qnaeris
364 4072 435 4140 quid
453 4087 566 4141 quaque
580 4072 666 4128 index
679 4074 732 4128 snb
745 4072 869 4142 imagine
883 4072 967 4135 dieat,
987 4069 1044 4126 Sed
1055 4068 1169 4138 generis
1185 4067 1297 4136 priseos

159 4156 305 4211 contendis
322 4156 440 4212 vincere
453 4157 582 4219 bonores,
596 4157 685 4222 Quam
699 4158 752 4213 tibi
765 4159 886 4213 maiores
898 4157 990 4212 maius
1002 4156 1091 4210 deone
1105 4156 1167 4223 ipse
1184 4152 1297 4209 futuris.

224 4241 264 4291 lii.
300 4241 403 4296 viduas.
441 4242 507 4298 llor.
521 4243 550 4298 0.
565 4242 607 4297 IV
620 4245 643 4307 ὃ,
657 4246 690 4292 30
709 4245 797 4299 vitem
809 4244 912 4299 viduas
925 4242 1006 4296 ducit
1019 4241 1056 4296 ad
1069 4241 1192 4296 arbores.
1212 4241 1253 4295 lb.
1268 4241 1296 4294 11

162 4324 226 4377 las
244 4327 436 4398 platanusque
455 4328 570 4384 caelebs
588 4328 710 4383 Evinoet
728 4328 825 4384 ulmos.
