2932 4986
493 307 578 363 Liber
596 307 720 375 qutntus.
758 304 859 363 Satura
877 307 957 363 XIII.

251 487 282 545 et
302 479 416 546 Martis
438 479 595 545 frameam
619 485 651 543 et
674 478 822 544 Cirrhaei
844 480 970 564 spicula
992 482 1085 563 vatis,

194 599 307 677 copes
329 593 472 657 calamos
493 592 669 657 venatrIcis
690 591 941 674 pharetramque
963 593 1093 676 puellae

248 724 368 789 perque
391 710 490 785 tuum,
514 710 608 787 pater
630 703 754 786 Aegaei
776 703 937 788 Neptune,
961 703 1141 784 tridentem,

250 815 341 881 addit
363 824 396 881 et
418 815 597 880 Herculeos
619 833 713 878 arcus
736 814 929 897 hastamque
951 816 1127 897 Minervae,

249 926 406 1009 quidquid
430 926 551 992 hahent
572 928 707 991 telorum
731 929 981 992 armamentaria
1003 928 1093 992 caeli.

248 1041 275 1104 si
298 1058 375 1104 vero
398 1046 431 1103 et
451 1044 546 1122 pater
569 1047 627 1119 est,
650 1032 836 1103 ‘comedam'
862 1040 967 1120 inquit
988 1033 1107 1105 ‘flebile
1129 1041 1197 1105 nati

190 1159 225 1214 85
249 1153 388 1236 sinciput
411 1150 490 1215 elixi
512 1149 697 1232 Pharioque
719 1149 881 1215 madentis
905 1144 1015 1215 aceto'.

290 1268 366 1327 sunt
387 1262 428 1326 in·
444 1260 595 1326 fortunae
620 1263 675 1341 qui
698 1260 828 1326 casibus
851 1262 960 1326 omnia
982 1271 1103 1345 ponant

265 1443 374 1493 85-87.
411 1440 560 1496 claudian.
575 1441 608 1494 ln
622 1440 714 1495 Rufin.
728 1441 768 1495 ll
795 1455 881 1510 saepe
898 1440 966 1495 mihi
986 1442 1101 1496 dubiam
1119 1443 1207 1498 traxit
1231 1459 1293 1498 sen·

167 1529 253 1582 tentia
269 1534 391 1582 mentem
409 1526 547 1581 durarent
565 1527 661 1594 superi
680 1534 769 1581 terras
787 1543 823 1581 an
841 1527 935 1581 nullus
956 1528 1062 1582 inesset
1080 1528 1187 1583 Rector
1205 1534 1234 1583 et
1251 1531 1293 1584 in·

166 1622 239 1668 certo
263 1612 382 1668 fluerent
405 1613 536 1667 mortalia
554 1629 629 1667 casu.
666 1613 736 1667 Nam
755 1628 819 1666 eum
837 1612 971 1681 dispositi
989 1614 1162 1682 quaesissem
1179 1612 1295 1670 foedera

165 1699 265 1765 mnndi,
284 1699 535 1768 Praescriptcsqne
547 1700 617 1753 mari
636 1698 714 1764 fines,
733 1699 871 1766 annisque
884 1706 993 1754 meatus
1010 1700 1047 1753 Et
1059 1700 1132 1754 lucis
1144 1702 1293 1770 ncctIsqne

165 1787 247 1850 vices,
265 1792 335 1840 tnnc
353 1785 449 1839 omnia
466 1785 548 1839 rebar
566 1784 694 1839 Consilio
712 1784 821 1838 firmata
839 1784 886 1838 dei
909 1785 957 1853 qni
982 1784 1044 1852 lege
1068 1787 1176 1840 moveri
1194 1785 1294 1842 Sidera

164 1872 329 1926 -iusserit
347 1877 398 1925 etc.
422 1873 450 1920 12
469 1871 520 1925 sed
538 1886 601 1924 cnm
620 1886 664 1925 res
681 1870 826 1924 hominum
849 1874 928 1924 tanta
949 1870 1072 1939 callgine
1091 1872 1169 1925 volvi
1188 1871 1293 1942 Adspi-

165 1972 251 2012 cerem
260 1986 295 1995 —·
307 1971 404 2010 rursus
416 1954 557 2011 labefacta
569 1957 690 2011 cadebat
701 1956 836 2025 Religio,
849 1971 1022 2024 caussaeque
1035 1957 1109 2010 viam
1122 1973 1179 2011 non
1192 1964 1293 2027 sponte

164 2043 305 2110 sequebar,
324 2041 452 2097 Alterius
470 2058 561 2097 vacuo
575 2057 647 2110 quae
662 2057 773 2097 currere
790 2043 898 2096 semina
909 2047 988 2096 motu
1000 2040 1137 2109 Affirmat,
1150 2060 1293 2112 magnum-

164 2144 215 2197 que
238 2145 328 2183 novas
350 2143 401 2196 per
426 2128 509 2183 Inane
533 2127 638 2196 figuras
660 2128 793 2193 Fortuna,
818 2143 876 2181 non
898 2134 957 2183 arte
979 2129 1055 2196 regi:
1080 2144 1153 2196 quae
1177 2130 1294 2184 numius

164 2230 244 2269 sensu
263 2214 415 2283 Ambigua,
435 2214 480 2268 vel
498 2213 577 2268 nulla
594 2219 679 2281 putat
697 2214 742 2268 vel
761 2214 858 2269 nescia
876 2213 975 2267 nostri.

229 2354 269 2403 83.
306 2352 406 2406 Isidor.
421 2350 515 2419 OrIgg.
529 2350 584 2404 XV
596 2354 620 2417 5,
633 2354 656 2401 t.

229 2494 268 2543 8⁰.
304 2489 409 2544 Tibull.
422 2490 435 2543 l
449 2492 473 2555 l,
487 2490 589 2540 25-26
607 2502 713 2556 perque
726 2504 792 2543 snas
805 2489 919 2556 impunc
932 2491 1003 2545 sinit
1014 2490 1159 2558 Dictynna
1172 2490 1292 2559 sagittas

164 2574 291 2630 Affirmes
308 2576 401 2630 crines
419 2590 524 2644 perque
542 2575 670 2628 Miuerva
688 2590 763 2629 suos.

229 2664 269 2715 85.
306 2661 458 2730 Pharioque
478 2689 513 2699 -
535 2665 615 2713 aceto.
659 2661 739 2714 Mart.
758 2660 830 2714 XIII
853 2664 899 2711 120
926 2661 1031 2714 Niliaci
1048 2688 1083 2698 -
1107 2662 1188 2715 aceti.
1233 2661 1291 2716 Cle.

165 2748 289 2803 llortens.
311 2747 359 2802 hei
379 2747 488 2801 Nonius
506 2763 532 2816 p.
547 2748 598 2797 240
624 2745 741 2800 alterius
766 2747 923 2813 ingenium,
948 2747 1024 2800 sicut
1048 2756 1159 2801 acetum
1176 2745 1292 2816 Aegyp·

164 2833 237 2900 tium,
256 2848 329 2888 acre.
1129 2843 1135 2856 ·

77 2898 84 2919 ’
228 2920 337 2971 etl-88.
373 2918 446 2973 PIIn.
465 2919 498 2973 N,
511 2918 537 2971 h.
550 2918 579 2971 II
593 2920 625 2968 ⁴22
649 2923 712 2972 tcto
730 2917 836 2985 quippe
855 2917 1010 2971 mundo-
1030 2917 1153 2970 omnium
1172 2918 1292 2972 vocibus

163 3005 284 3060 Fortuna
301 3004 366 3060 sola
384 3005 534 3058 iuvocatur
552 3004 778 3067 accuminatur,
797 3019 853 3056 nna
872 3006 1028 3067 accusatur,
1048 3018 1105 3055 una
1122 3004 1217 3070 agitur
1235 3018 1291 3068 rea,

164 3106 217 3145 ura
234 3091 389 3159 cogitatur,
415 3090 477 3143 sola
493 3089 639 3155 laudatur,
658 3088 720 3143 sola
737 3089 872 3156 arguitur.
892 3093 1002 3142 etcum
1021 3088 1161 3155 conviciis
1180 3087 1290 3154 colitur,

163 3176 304 3241 volubilis,
330 3191 347 3229 a
364 3175 507 3244 plerisque
533 3190 599 3227 voro
618 3179 648 3228 et
665 3190 751 3228 caeca
769 3175 950 3238 existumata,
975 3189 1050 3241 vaga
1067 3174 1231 3227 inconstans
1251 3175 1291 3227 ln·

163 3272 237 3316 certa
257 3261 339 3316 varia
357 3261 593 3329 indignorumque
611 3258 728 3314 fautrix:
755 3259 821 3314 huic
840 3261 935 3315 omnia
953 3275 1088 3329 expensa,
1112 3260 1179 3313 huic
1197 3261 1293 3314 omnia

161 3346 286 3403 feramur
304 3352 430 3414 accepta,
449 3350 478 3400 et
496 3346 525 3398 in
544 3351 605 3400 tota
623 3346 733 3400 ratione
751 3346 910 3401 mortaIIum
928 3347 989 3401 sola
1001 3354 1147 3414 utramque
1160 3346 1293 3415 pagInam

162 3431 239 3499 fecit,
264 3433 392 3500 adeoque
411 3431 552 3485 ohnoxiae
571 3448 667 3485 sumus
685 3431 783 3496 sortis,
809 3440 841 3486 ut
858 3449 920 3487 sors
938 3434 1001 3501 Ipsa
1019 3447 1071 3500 pro
1090 3432 1143 3486 deo
1162 3431 1212 3498 sit,
1236 3448 1292 3500 qua

162 3518 229 3574 deus
247 3519 384 3588 probatur
397 3518 528 3571 incertus.
559 3517 625 3571 Tac.
639 3516 673 3570 A.
687 3516 728 3570 VI
741 3520 773 3569 22
792 3518 860 3572 milri
873 3549 907 3557 —
920 3520 948 3573 in
968 3519 1076 3572 incerto
1089 3518 1226 3571 iudicium
1240 3526 1291 3581 est,

161 3602 254 3659 fatone
281 3620 326 3659 res
352 3603 512 3658 mortalium
540 3610 569 3657 ct
595 3604 764 3658 necessitate
792 3604 960 3659 immutabili
983 3622 1018 3658 an
1042 3604 1114 3659 forte
1132 3602 1290 3656 volvantur.

163 3689 223 3760 Vgl
242 3689 317 3744 oben
335 3688 481 3744 Claudiam.
502 3689 534 3742 In
553 3688 646 3743 Rufin.
666 3690 678 3742 l
701 3692 760 3743 lss.
796 3689 851 3743 Die
874 3689 980 3744 schieIe
1003 3688 1134 3754 Ansieht,
1160 3688 1225 3742 dass
1244 3689 1292 3744 die

161 3773 347 3830 Atcmistlker
366 3776 412 3829 dio
431 3775 592 3842 Bewcgung
610 3776 660 3829 der
676 3773 779 3830 Atome
796 3792 861 3829 vom
875 3774 965 3829 ersall
982 3775 1158 3833 horleiteten,
1176 3773 1226 3827 hat
1243 3773 1291 3829 he·

160 3861 276 3915 sonders
294 3859 394 3915 CIcero
415 3861 445 3915 ln
464 3859 581 3914 Umlani
595 3867 714 3928 gesetzt:
734 3876 769 3915 ex
786 3860 831 3915 hle
851 3861 913 3919 tdcn
931 3860 1061 3921 Atomen}
1081 3859 1210 3914 effectum
1228 3874 1291 3915 esse

160 3946 269 4001 coelum
293 3953 378 4015 atque
403 3952 515 4012 terram,
541 3945 623 3999 nulla
646 3954 766 4014 cogente
790 3953 905 4013 natura,
929 3947 980 4001 sed
1004 3961 1144 4001 concussu
1168 3945 1291 4013 quodam

161 4030 277 4086 sonuito
295 4031 355 4087 llD.
370 4033 381 4085 l
397 4034 438 4097 24,
451 4035 495 4097 66,
514 4031 571 4099 vgl.
592 4031 684 4086 Zellcr
702 4031 735 4087 G.
751 4032 776 4085 d.
789 4032 837 4085 Ph.
857 4032 882 4085 1²
894 4034 952 4098 600,
967 4036 989 4083 3.
1025 4030 1156 4093 Juvenal,
1176 4032 1225 4085 der
1238 4048 1292 4086 nur

161 4118 223 4172 sehr
240 4117 455 4173 oberil'achliche
468 4118 639 4172 KenntnIsse
652 4135 708 4172 von
721 4118 770 4172 der
783 4117 966 4186 Philosophia
980 4117 1057 4171 hatte
1070 4116 1153 4177 (Einl.
1167 4116 1194 4172 S.
1208 4119 1290 4181 toli),

161 4202 260 4258 dachte
278 4203 338 4259 hier
357 4221 394 4259 an
412 4205 458 4258 die
470 4203 627 4273 Epikureer
644 4203 707 4267 (SG.
721 4204 849 4269 111588),
868 4202 977 4272 Epiknr
996 4203 1084 4258 selbst
1100 4213 1188 4259 nennt
1200 4220 1230 4258 er
1240 4205 1291 4259 mit

163 4287 294 4359 Achtung
314 4292 353 4356 ll,
367 4291 424 4341 ortt.
