2932 4986
242 336 305 398 492
650 330 796 387 Iuvenalis
814 336 972 387 saturarum

328 504 425 569 sumit
448 510 481 568 et
503 522 524 567 a
545 521 644 568 censu
666 501 787 567 temam
809 501 918 568 trahit.
963 501 1056 567 illum
1079 520 1140 585 ego
1163 502 1234 568 iure

328 614 515 698 despiciam,
540 615 595 695 qni
617 614 679 679 soit
701 619 822 694 quanto
845 613 1012 679 sublimior
1032 612 1150 678 Atlans

264 733 303 788 25
327 724 476 790 omnibns
497 726 532 789 in
554 723 660 807 Libye
681 725 724 803 sit
746 723 917 804 montibus,
943 723 996 788 hic
1018 729 1129 789 tamen
1150 722 1239 789 idem

327 837 455 919 ignoret
477 841 634 917 quantum
657 834 781 900 ferrata
803 833 902 900 distet
924 834 965 899 ab
989 853 1066 901 arca

328 947 485 1011 sacculus.
532 967 550 1011 e
572 945 663 1011 oeelo
688 944 856 1011 descendit
877 946 971 1030 γνῶθι
993 942 1119 1010 σεαυτὸν

327 1056 492 1139 figendum
515 1063 548 1122 et
569 1058 703 1121 memori
725 1056 930 1121 tractandum
952 1063 1093 1140 pectore,
1119 1057 1191 1122 sive

329 1168 512 1250 coniugium
537 1186 675 1249 quaeras
697 1168 750 1232 rel
773 1168 857 1233 seori
880 1167 914 1231 in
936 1174 1030 1251 perte
1053 1176 1189 1233 senatus

266 1285 304 1341 30
329 1297 402 1344 esse
423 1280 506 1344 velis
528 1316 571 1325 -
593 1298 700 1360 neque
723 1279 809 1342 enim
831 1277 967 1343 loricam
988 1279 1094 1362 poscit
1115 1278 1256 1344 Achillis

329 1389 507 1472 Thersites,
530 1391 564 1453 in
586 1409 652 1472 qna
674 1407 710 1453 se
732 1387 922 1455 traducebat
944 1389 1058 1454 Vlixes
1080 1425 1123 1436 -

329 1502 504 1583 ancipitem
526 1519 584 1566 sen
606 1508 641 1566 tu
663 1519 781 1582 magno
804 1497 990 1564 discrimine
1012 1518 1145 1566 causam

328 1619 502 1695 protegere
524 1611 681 1692 adfectas,
705 1617 737 1676 te
760 1612 903 1692 consule,
927 1610 980 1676 dio
1001 1611 1061 1677 tibi
1084 1611 1141 1692 qui
1163 1611 1220 1692 sis,

329 1730 438 1788 orator
460 1722 636 1789 vehemens
659 1742 702 1786 on
724 1722 854 1786 Curtius
878 1728 911 1787 et
932 1719 1042 1786 Matho
1064 1720 1197 1787 buccae.

267 1841 305 1896 35
329 1833 496 1899 noscendo
519 1841 568 1899 est
589 1852 741 1899 mensura
764 1833 816 1896 rui
838 1831 1081 1916 spectandoque
1103 1832 1204 1897 rebus

329 1945 364 2009 in
387 1944 521 2008 summis
543 1945 760 2026 minimisque,
785 1944 883 2009 etiam
906 1962 978 2008 oum
1000 1943 1100 2026 piscis
1122 1951 1258 2025 emetur,

347 2150 388 2200 23.
424 2149 518 2212 sumit]
537 2156 666 2216 sumptus
685 2147 828 2200 Heinrich.

347 2237 423 2287 30ss.
444 2237 544 2300 (neque
561 2262 596 2271 —
615 2233 777 2299 ancipitem)
792 2250 847 2302 pro
864 2231 967 2303 spuriis
984 2231 1078 2285 tabuit
1096 2231 1242 2287 Heinecke.

247 2347 446 2357 ——ss

312 2411 353 2460 28.
389 2410 527 2464 Priscian.
541 2409 598 2465 VII
613 2413 653 2477 12,
667 2413 699 2462 6³
718 2411 801 2467 GLK.
814 2413 844 2466 II
860 2413 917 2477 eto,
931 2413 971 2463 21.

313 2581 353 2630 ιι.
389 2579 578 2632 osc-rom.
615 2581 771 2647 nuens.

312 2666 353 2716 27.
390 2668 492 2719 ecaelo
510 2666 643 2719 descendit
660 2670 753 2734 γνῶθι
767 2663 893 2719 σεαυτόν,
930 2667 970 2722 Zn
989 2670 1012 2733 2,
1029 2670 1070 2720 to.

314 2751 355 2801 28.
385 2752 534 2822 ιήςιιιιιιίιιιιι.
571 2751 712 2807 Aehnlich
730 2752 785 2807 wie
803 2754 828 2818 9,
840 2755 881 2804 94.

314 2839 354 2887 29.
390 2837 464 2889 sacri
480 2867 513 2877 -
531 2842 645 2890 senatur.
682 2839 741 2893 Dos
763 2837 958 2906 gewohnliohe
981 2839 1105 2894 Beiwort
1128 2838 1178 2894 des
1200 2837 1321 2895 Serretes
1346 2842 1384 2896 ist

247 2927 370 2987 sanctus,
389 2922 494 2991 griech.
514 2923 531 2992 ἡ
552 2924 606 2993 ἱερὰ
625 2922 773 2994 σύγκλητος.
810 2922 890 2978 Sel
908 2924 967 2975 448.

314 3009 359 3058 31:
388 3008 417 3061 in
435 3008 485 3062 der
503 3008 564 3063 sich
582 3009 671 3064 selbst
689 3008 833 3078 Odysseus
850 3007 1001 3063 licherlioh
1020 3008 1138 3064 machte.
1175 3009 1215 3064 Zn
1234 3010 1257 3074 2,
1274 3011 1330 3061 159.

314 3094 354 3143 33.
391 3098 416 3145 te
435 3096 547 3147 consule.
584 3095 647 3150 Sen.
666 3096 793 3163 oppos,
808 3096 838 3145 14
857 3109 933 3147 nunc
951 3095 1014 3162 ipse
1033 3100 1062 3148 te
1080 3093 1205 3149 consule,
1242 3094 1284 3148 Id.
1304 3096 1337 3149 N.
1357 3111 1383 3164 q.

245 3176 286 3231 IV
298 3176 386 3245 praet.
399 3182 413 3241 ἓ
429 3180 460 3229 18
480 3179 542 3247 ipse
560 3185 589 3235 ts
601 3179 726 3244 consule,
745 3194 849 3234 verane
862 3195 898 3232 on
911 3177 982 3233 salso
993 3181 1200 3235 memoraveris.
1227 3178 1300 3233 Ptin.
1312 3181 1383 3249 Epp.

244 3262 301 3316 Vll
317 3265 384 3327 ¹6,5
403 3270 488 3330 teque
507 3265 576 3332 quid
593 3265 665 3320 velis
683 3264 807 3319 consule.
844 3264 907 3320 Ser.
926 3265 1031 3319 Benets.
1050 3264 1093 3320 VI
1111 3266 1151 3330 38,
1170 3267 1186 3314 5
1205 3264 1330 3334 denique
1354 3282 1385 3321 ss

244 3348 363 3414 quisque
382 3347 514 3403 consulet
531 3355 560 3404 et
578 3351 608 3403 in
626 3354 765 3404 secretum
783 3351 908 3418 pectoris
927 3350 971 3404 sui
990 3350 1096 3406 redeat

313 3431 362 3499 qui
376 3431 421 3483 sis.
457 3433 517 3486 Nur
535 3433 596 3488 hier
608 3435 657 3502 qui
672 3436 701 3489 in
714 3436 793 3490 einer
806 3435 966 3491 indirecten
977 3437 1078 3505 Frage,
1096 3442 1176 3491 sonet
1188 3435 1299 3490 tibernll
1311 3437 1383 3505 quis.

244 3518 284 3572 Zu
303 3519 327 3583 6,
346 3519 404 3568 571.

313 3605 354 3653 34.
394 3602 504 3656 Curtius
522 3608 547 3656 et
565 3604 662 3657 Marto
680 3604 782 3656 buccae.
818 3605 911 3660 Schol.
931 3607 1110 3661 iactantiouli
1129 3607 1187 3669 ¹ieie)
1206 3607 1256 3675 qui
1274 3613 1384 3662 tontum

244 3688 350 3743 buccas
375 3687 475 3743 inflent
498 3694 528 3743 et
548 3687 620 3743 nihil
642 3689 749 3744 dicunt
793 3691 944 3746 Heinrich:
970 3687 1200 3757 ‘Beckenbliiser,
1226 3691 1385 3762 φυοίγναθοι,

244 3775 299 3828 wie
311 3774 361 3828 der
373 3774 479 3829 Frosoh
492 3775 522 3828 in
535 3774 585 3828 der
596 3773 936 3844 Bstroehomyomschie’;
955 3781 1042 3832 etwss
1055 3778 1157 3832 endere
1173 3779 1197 3843 3,
1210 3779 1251 3829 35.
1274 3777 1385 3833 Curtios

245 3866 326 3914 sonet
346 3861 494 3930 nirgemis,
519 3861 568 3914 der
593 3860 757 3916 causidicus
776 3861 873 3914 Matho
891 3862 963 3917 anch
984 3864 1006 3929 1,
1025 3864 1057 3914 32
1081 3862 1148 3932 (νεὶ.
1167 3862 1193 3916 d.
1212 3861 1306 3925 Anm.)
1327 3863 1385 3917 ond

247 3947 270 4012 ι,
293 3948 347 3997 me.

314 4033 354 4082 35.
391 4032 521 4084 noscenda
539 4037 577 4085 eet
594 4049 718 4085 monem
734 4031 784 4085 sui.
821 4033 936 4089 Hieron.
955 4034 1027 4101 Epp.
1046 4037 1076 4085 et
1093 4055 1125 4079 ε
1139 4036 1171 4085 75
1190 4033 1227 4087 cd
1245 4033 1383 4102 Vigilont

244 4117 259 4176 5
279 4118 293 4164 3
312 4117 462 4183 prudentis
479 4118 602 4173 hominis
621 4123 664 4174 est
680 4134 765 4174 nosse
782 4134 941 4175 mensuram
953 4136 1039 4175 suem.
1071 4118 1137 4173 Wol
1149 4117 1385 4187 sprtohwcrtlich.

244 4200 300 4267 vgl.
320 4199 387 4256 Otto
406 4202 467 4272 Spr.
486 4211 570 4260 unter
587 4205 687 4260 metiri.

314 4287 354 4337 ³6.
393 4287 421 4339 ιἰι
439 4289 549 4344 cummis
566 4289 741 4357 nrinimtsque.
779 4291 820 4345 Zu
841 4294 861 4357 l,
878 4295 916 4343 14.
