2932 4986
436 388 521 444 Liber
539 393 665 458 quartus.
702 389 804 445 Satura
821 390 856 443 X.

157 562 328 647 permittes
351 561 432 643 ipsis
456 558 643 643 expendere
666 560 852 625 numinibus
876 559 955 641 qnid

159 673 335 738 conveniat
357 670 450 736 nobis
472 669 636 751 rebusque
659 671 702 736 sit
725 671 804 736 utile
827 672 955 736 nestris.

159 803 236 849 nam
258 802 318 866 pre
339 780 490 847 iucundis
514 782 684 865 aptissima
707 801 855 863 quaeque
880 781 1004 848 dabunt
1026 781 1069 862 ui,

78 901 137 959 350
162 895 268 960 carior
290 900 341 959 est
362 891 428 957 illis
450 892 545 958 hamo
569 912 666 975 quam
689 892 761 957 sibi.
807 911 866 958 nos
889 893 1069 959 animorum

159 1004 291 1088 inpulsu
314 1009 347 1070 ct
369 1022 468 1069 caeca
490 1022 676 1086 magnaque
699 1002 851 1085 cupidine
875 1002 964 1068 ducti

160 1115 347 1199 coniugium
369 1115 509 1197 petimus
531 1120 725 1196 partumque
748 1116 868 1194 uxoris,
892 1121 927 1179 at
949 1115 1017 1180 illis

161 1234 272 1292 notum
294 1226 350 1308 qui
373 1225 465 1307 pueri
487 1224 660 1307 qualisque
682 1223 791 1289 futura
814 1226 857 1289 sit
880 1245 969 1290 uxor.

161 1344 197 1403 ut
217 1344 328 1403 amen
351 1342 384 1401 et
406 1353 523 1418 poscas
545 1335 671 1416 aliquid
692 1355 876 1417 voveasque
901 1337 1031 1402 sacellis

81 1457 137 1512 355
161 1455 237 1514 exta
260 1453 293 1513 et
315 1445 480 1511 candiduli
503 1444 616 1511 divina
637 1447 800 1510 tomacula
822 1448 920 1528 porci,

163 1557 321 1624 orandum
344 1562 451 1622 estut
474 1558 517 1620 sit
538 1575 631 1621 mens
653 1574 735 1621 sana
757 1557 791 1619 in
814 1575 948 1639 corpore
971 1575 1059 1622 sanc.

160 1670 277 1735 fortem
299 1686 398 1751 posce
422 1667 565 1732 animum
588 1667 700 1732 mortis
722 1674 844 1732 ten-ore
868 1674 1042 1748 carentem,

161 1782 215 1863 qui
238 1779 381 1863 spatium
404 1778 491 1843 vitae
514 1784 695 1842 extremum
717 1777 802 1841 inter
824 1797 959 1841 munera
981 1787 1081 1860 ponat

177 1968 234 2018 356.
272 1980 343 2020 seno
362 1965 529 2033 incorpore
548 1980 618 2019 sana
637 1964 734 2017 Flore.
748 1963 867 2033 Friaiaq.
881 1969 974 2017 cotttra
986 1965 1173 2019 Drucomium.

177 2136 234 2187 355.
272 2134 408 2190 Dracont
421 2135 509 2189 Laud.
523 2135 578 2189 Dei
598 2134 642 2188 111
656 2136 705 2186 613
725 2134 789 2190 Sint
807 2135 926 2190 reduces
944 2135 1028 2195 vires,
1047 2151 1126 2192 mens
1144 2153 1213 2192 sana

81 2221 108 2273 in
123 2235 242 2289 corpore
259 2235 339 2275 sano.

142 2392 200 2442 350.
236 2388 518 2456 Sen.Ben.1129‚6
543 2390 706 2445 carissimos
728 2406 781 2445 nos
803 2390 964 2447 habuerunt
987 2393 1017 2447 di
1042 2392 1214 2448 immortales

77 2474 241 2544 bbcntqne

141 2562 199 2612 355.
227 2559 321 2613 dicim
333 2561 481 2613 emacula:
495 2559 542 2614 die
552 2559 742 2626 Zulrunfttbei
756 2561 806 2616 der
815 2562 996 2631 Haruspicin)
1009 2562 1215 2619 verkundende

77 2643 272 2714 opienttieka
296 2645 344 2700 die
362 2645 423 2700 hier
441 2644 599 2700 seherzhaft
616 2646 730 2701 Wurste
748 2655 875 2715 genennt
894 2647 1014 2702 werden.
1054 2652 1092 2713 13,
1113 2651 1214 2701 lli-8

76 2728 194 2799 naeus
211 2731 294 2798 porei
313 2729 438 2786 Omenta

139 2817 200 2868 356.
236 2833 310 2869 mens
327 2834 394 2869 caca
411 2816 440 2868 t'n
459 2833 569 2885 corpore
586 2834 657 2869 sano.
689 2817 761 2870 Eine
773 2817 998 2885 Umsehreibung
1016 2817 1066 2872 des
1084 2816 1148 2871 sehr
1166 2832 1214 2885 ge-

75 2900 249 2955 rthnlichen
268 2899 391 2957 Gebetes
417 2918 463 2956 um
487 2902 563 2957 bona
585 2918 664 2956 mens
686 2903 745 2956 und
769 2903 844 2956 bona
868 2902 1010 2957 valetudo.
1047 2903 1159 2957 Patron.
1179 2905 1212 2953 83

75 2986 137 3055 qnia
155 2987 273 3054 inquam
291 2988 371 3042 venit
389 2988 419 3040 in
438 2987 575 3055 templum
593 2992 623 3041 et
640 2992 737 3041 votum
756 2985 825 3042 fecit
843 2988 867 3041 si
886 2988 923 3041 ad
942 2987 1132 3055 eloquentiam
1150 3002 1214 3056 per·

74 3070 218 3126 ruisset?
237 3087 272 3126 ac
289 3087 325 3127 ne
343 3072 446 3127 bonam
463 3073 577 3141 quidem
590 3081 710 3128 mentem
723 3080 773 3127 aut
784 3073 886 3126 bonam
899 3071 1091 3127 valetudinem
1103 3078 1213 3140 petunt,

74 3156 122 3211 sed
133 3157 233 3213 mtim
245 3163 397 3225 antequam
409 3157 496 3212 limen
508 3157 645 3227 Capitolii
658 3165 785 3227 tangant,
804 3157 878 3212 alins
891 3159 996 3212 donum
1007 3158 1147 3226 promittit
1160 3165 1212 3212 etc.

74 3239 182 3298 Seneca
199 3243 273 3311 epp,
290 3244 358 3308 10,1
382 3250 512 3298 votorum
537 3250 649 3298 tuorum
671 3251 798 3298 veterum
816 3244 884 3298 licet
903 3243 959 3297 diis
977 3243 1098 3311 gratiam
1115 3241 1213 3308 facias,

74 3326 130 3381 sila
156 3327 192 3382 dc
221 3327 334 3397 integre
361 3329 488 3396 suscipe:
515 3344 585 3397 roga
607 3329 710 3384 bonam
733 3335 865 3393 mentem,
893 3329 996 3382 bonam
1021 3328 1215 3384 valetudinem

74 3413 168 3475 nini,
187 3412 294 3468 deinde
312 3420 380 3467 tuuc
399 3415 534 3480 corporis.
571 3414 650 3469 Mens
668 3413 744 3468 bona
762 3413 848 3468 allein
866 3413 980 3469 Persius
998 3415 1051 3480 2‚s
1073 3414 1131 3468 und
1150 3414 1213 3469 San.

74 3496 142 3566 Epp.
155 3498 199 3563 11,
215 3500 226 3548 1
244 3503 286 3555 fzn
299 3499 358 3563 363)
377 3498 437 3563 (mit
448 3498 539 3554 Jahns
551 3497 651 3561 Anu).
681 3500 778 3553 Horat.
792 3498 822 3553 C.
836 3499 850 3552 Ι
863 3502 904 3563 31,
919 3501 1020 3551 11-19
1038 3498 1094 3554 frui
1107 3501 1215 3568 paratis

75 3588 102 3636 st
112 3582 204 3636 caluo
215 3581 285 3636 mihi
297 3583 395 3649 Letoa,
415 3584 503 3639 dones
516 3600 550 3639 ae
562 3599 664 3653 precor
677 3583 781 3653 iateyra
797 3586 864 3638 Cam
875 3590 967 3638 mente.
992 3585 1057 3639 Man
1069 3584 1214 3639 wunsehta

74 3666 133 3722 siclt
151 3666 255 3723 beiden
272 3670 454 3738 gegenseitig
473 3670 546 3725 anch
560 3670 632 3724 nach
645 3669 755 3725 Tische.
792 3669 903 3724 Petron.
918 3674 947 3722 61
965 3670 1002 3735 (C.
1016 3670 1099 3723 Trim.
1113 3686 1140 3738 p.
1154 3671 1212 3731 135)

74 3758 224 3822 emtam
253 3767 322 3821 ergo
350 3769 447 3810 ornnes
473 3755 576 3810 bonam
603 3760 724 3810 mentem
750 3755 910 3823 bonamque
937 3755 1130 3810 valetudinem
1157 3754 1212 3809 sibi

74 3844 217 3906 mamus

139 3925 199 3976 358.
236 3923 356 3993 spatium
381 3923 454 3978 vitas
480 3929 632 3978 extremum.
678 3924 742 3981 Seu.
761 3926 833 3994 Epp.
853 3928 894 3992 ta,
911 3928 941 3977 10
968 3926 1039 3980 doce
1066 3941 1124 3979 nen
1151 3939 1212 3979 esse

74 4008 196 4074 animm
214 4007 322 4065 benum
340 4010 418 4066 vitae
437 4011 467 4065 in
486 4011 580 4079 spatio
600 4011 669 4071 eius,
689 4011 739 4065 sed
759 4011 788 4064 in
807 4028 868 4066 usu.

139 4093 201 4149 Das
213 4094 320 4151 Fehien
338 4096 416 4151 einer
433 4096 578 4150 normalen
590 4094 680 4150 Ostur
699 4095 737 4150 ist
754 4095 938 4150 anfsallendcr
950 4095 992 4151 als
1008 4098 1045 4161 14,
1062 4098 1109 4145 lus
1128 4095 1213 4150 inviti

74 4192 186 4248 quoque
205 4180 357 4236 avaritiam
375 4196 507 4237 exercerc
526 4182 666 4237 iubentur.
703 4181 864 4235 Lachmann
882 4182 993 4234 Lucret.
1007 4179 1047 4233 Vl
1065 4183 1141 4231 turer:
1160 4196 1213 4236 nec

77 4268 206 4327 'cauma
237 4267 333 4322 versui
362 4283 415 4322 sua
443 4267 524 4322 deest
547 4283 620 4335 quae
643 4272 687 4321 est
709 4268 784 4322 inter
810 4267 935 4335 syllabas
958 4266 1212 4335 conliqueseentes.

74 4346 196 4406 thtller
214 4350 249 4405 B.
263 4368 298 4406 m.
312 4353 369 4404 359.
406 4351 473 4421 Vgl.
486 4352 560 4407 Einl.
579 4352 606 4407 S.
621 4355 660 4403 75.
