<?xml version="1.0" encoding="UTF-8"?>
<!DOCTYPE html PUBLIC "-//W3C//DTD XHTML 1.0 Transitional//EN"
    "http://www.w3.org/TR/xhtml1/DTD/xhtml1-transitional.dtd">
<html xmlns="http://www.w3.org/1999/xhtml" xml:lang="en" lang="en">
 <head>
  <title>
</title>
<meta http-equiv="Content-Type" content="text/html;charset=utf-8" />
  <meta name='ocr-system' content='tesseract 3.04.00' />
  <meta name='ocr-capabilities' content='ocr_page ocr_carea ocr_par ocr_line ocrx_word'/>
</head>
<body>
  <div class='ocr_page' id='page_1' title='image "./djuniijuvenalis04juvegoog_0533.png"; bbox 0 0 2932 4986; ppageno 0'>
   <div class='ocr_carea' id='block_1_1' title="bbox 485 399 1282 470">
    <p class='ocr_par' dir='ltr' id='par_1_1' title="bbox 485 399 1282 470">
     <span class='ocr_line' id='line_1_1' title="bbox 485 399 1282 470; baseline 0.005 -15"><span class='ocrx_word' id='word_1_1' title='bbox 485 399 571 456; x_wconf 88' lang='lat' dir='ltr'>Liber</span> <span class='ocrx_word' id='word_1_2' title='bbox 589 402 712 470; x_wconf 86' lang='lat' dir='ltr'>quistus.</span> <span class='ocrx_word' id='word_1_3' title='bbox 749 399 852 456; x_wconf 87' lang='lat' dir='ltr'>Satura</span> <span class='ocrx_word' id='word_1_4' title='bbox 869 400 949 455; x_wconf 86' lang='lat' dir='ltr'>XIII.</span> <span class='ocrx_word' id='word_1_5' title='bbox 1222 405 1282 466; x_wconf 79' lang='grc'>527</span> 
     </span>
    </p>
   </div>
   <div class='ocr_carea' id='block_1_2' title="bbox 183 571 1182 2226">
    <p class='ocr_par' dir='ltr' id='par_1_2' title="bbox 183 571 1182 2226">
     <span class='ocr_line' id='line_1_2' title="bbox 243 571 1182 660; baseline -0.002 -20"><span class='ocrx_word' id='word_1_6' title='bbox 243 594 355 660; x_wconf 83' lang='lat' dir='ltr'>magna</span> <span class='ocrx_word' id='word_1_7' title='bbox 377 572 519 657; x_wconf 75' lang='lat' dir='ltr'>quidem,</span> <span class='ocrx_word' id='word_1_8' title='bbox 544 573 646 638; x_wconf 86' lang='lat' dir='ltr'>saeris</span> <span class='ocrx_word' id='word_1_9' title='bbox 668 592 753 655; x_wconf 90' lang='lat' dir='ltr'>quae</span> <span class='ocrx_word' id='word_1_10' title='bbox 775 571 833 637; x_wconf 90' lang='lat' dir='ltr'>dat</span> <span class='ocrx_word' id='word_1_11' title='bbox 853 580 1029 657; x_wconf 81' lang='lat' dir='ltr'>praesepta</span> <span class='ocrx_word' id='word_1_12' title='bbox 1051 573 1182 653; x_wconf 88' lang='lat' dir='ltr'>libellis,</span> 
     </span>
     <span class='ocr_line' id='line_1_3' title="bbox 192 683 1021 768; baseline 0 -18"><span class='ocrx_word' id='word_1_13' title='bbox 192 694 223 750; x_wconf 80' lang='lat'>20</span> <span class='ocrx_word' id='word_1_14' title='bbox 242 689 353 754; x_wconf 82' lang='lat' dir='ltr'>viatrix</span> <span class='ocrx_word' id='word_1_15' title='bbox 376 686 527 752; x_wconf 82' lang='lat' dir='ltr'><strong>fortunae</strong></span> <span class='ocrx_word' id='word_1_16' title='bbox 549 684 721 768; x_wconf 82' lang='lat' dir='ltr'>sapientia,</span> <span class='ocrx_word' id='word_1_17' title='bbox 745 683 892 750; x_wconf 87' lang='lat' dir='ltr'>dueimus</span> <span class='ocrx_word' id='word_1_18' title='bbox 914 692 1021 750; x_wconf 86' lang='lat' dir='ltr'>autem</span> 
     </span>
     <span class='ocr_line' id='line_1_4' title="bbox 242 796 1119 883; baseline -0.002 -18"><span class='ocrx_word' id='word_1_19' title='bbox 242 799 296 865; x_wconf 88' lang='lat' dir='ltr'>hos</span> <span class='ocrx_word' id='word_1_20' title='bbox 318 817 448 883; x_wconf 88' lang='lat' dir='ltr'>quoque</span> <span class='ocrx_word' id='word_1_21' title='bbox 470 797 594 878; x_wconf 81' lang='lat' dir='ltr'>felices,</span> <span class='ocrx_word' id='word_1_22' title='bbox 619 797 674 879; x_wconf 92' lang='lat' dir='ltr'>qui</span> <span class='ocrx_word' id='word_1_23' title='bbox 697 796 783 862; x_wconf 87' lang='lat' dir='ltr'>ferre</span> <span class='ocrx_word' id='word_1_24' title='bbox 805 796 1009 863; x_wconf 79' lang='lat' dir='ltr'>incommoda</span> <span class='ocrx_word' id='word_1_25' title='bbox 1031 798 1119 863; x_wconf 85' lang='lat' dir='ltr'>vitae</span> 
     </span>
     <span class='ocr_line' id='line_1_5' title="bbox 241 907 1022 993; baseline -0.008 -17"><span class='ocrx_word' id='word_1_26' title='bbox 241 932 298 977; x_wconf 91' lang='lat' dir='ltr'>neo</span> <span class='ocrx_word' id='word_1_27' title='bbox 319 914 443 978; x_wconf 85' lang='lat' dir='ltr'>iactare</span> <span class='ocrx_word' id='word_1_28' title='bbox 465 911 578 993; x_wconf 83' lang='lat' dir='ltr'>iugum</span> <span class='ocrx_word' id='word_1_29' title='bbox 600 910 669 975; x_wconf 86' lang='lat' dir='ltr'>vita</span> <span class='ocrx_word' id='word_1_30' title='bbox 691 907 835 973; x_wconf 84' lang='lat' dir='ltr'>didIeere</span> <span class='ocrx_word' id='word_1_31' title='bbox 857 911 1022 992; x_wconf 84' lang='lat' dir='ltr'>magistra.</span> 
     </span>
     <span class='ocr_line' id='line_1_6' title="bbox 240 1020 1099 1108; baseline -0.005 -19"><span class='ocrx_word' id='word_1_32' title='bbox 240 1043 321 1108; x_wconf 89' lang='lat' dir='ltr'>quae</span> <span class='ocrx_word' id='word_1_33' title='bbox 343 1030 410 1089; x_wconf 83' lang='lat' dir='ltr'>tam</span> <span class='ocrx_word' id='word_1_34' title='bbox 433 1022 520 1087; x_wconf 84' lang='lat' dir='ltr'>festa</span> <span class='ocrx_word' id='word_1_35' title='bbox 542 1020 622 1101; x_wconf 90' lang='lat' dir='ltr'>dies,</span> <span class='ocrx_word' id='word_1_36' title='bbox 648 1026 684 1085; x_wconf 89' lang='lat' dir='ltr'>ut</span> <span class='ocrx_word' id='word_1_37' title='bbox 705 1027 813 1086; x_wconf 86' lang='lat' dir='ltr'>oesset</span> <span class='ocrx_word' id='word_1_38' title='bbox 834 1020 972 1105; x_wconf 88' lang='lat' dir='ltr'>prodere</span> <span class='ocrx_word' id='word_1_39' title='bbox 995 1021 1099 1086; x_wconf 85' lang='lat' dir='ltr'>furem</span> 
     </span>
     <span class='ocr_line' id='line_1_7' title="bbox 239 1132 1161 1220; baseline -0.005 -19"><span class='ocrx_word' id='word_1_40' title='bbox 239 1134 408 1220; x_wconf 83' lang='lat' dir='ltr'>perfidIam</span> <span class='ocrx_word' id='word_1_41' title='bbox 430 1132 564 1199; x_wconf 80' lang='lat' dir='ltr'>fraudes</span> <span class='ocrx_word' id='word_1_42' title='bbox 587 1139 684 1216; x_wconf 87' lang='lat' dir='ltr'>atque</span> <span class='ocrx_word' id='word_1_43' title='bbox 707 1134 794 1198; x_wconf 90' lang='lat' dir='ltr'>omui</span> <span class='ocrx_word' id='word_1_44' title='bbox 817 1153 859 1197; x_wconf 85' lang='lat' dir='ltr'>ex</span> <span class='ocrx_word' id='word_1_45' title='bbox 882 1134 1017 1198; x_wconf 87' lang='lat' dir='ltr'>erimine</span> <span class='ocrx_word' id='word_1_46' title='bbox 1039 1135 1161 1198; x_wconf 84' lang='lat' dir='ltr'>luorum</span> 
     </span>
     <span class='ocr_line' id='line_1_8' title="bbox 186 1243 1159 1331; baseline -0.003 -21"><span class='ocrx_word' id='word_1_47' title='bbox 186 1255 218 1311; x_wconf 75' lang='lat'>25</span> <span class='ocrx_word' id='word_1_48' title='bbox 239 1249 420 1331; x_wconf 87' lang='lat' dir='ltr'>quaesitum</span> <span class='ocrx_word' id='word_1_49' title='bbox 445 1253 478 1311; x_wconf 88' lang='lat' dir='ltr'>et</span> <span class='ocrx_word' id='word_1_50' title='bbox 498 1252 610 1329; x_wconf 90' lang='lat' dir='ltr'>partos</span> <span class='ocrx_word' id='word_1_51' title='bbox 632 1243 744 1329; x_wconf 82' lang='lat' dir='ltr'>gladio</span> <span class='ocrx_word' id='word_1_52' title='bbox 766 1245 821 1309; x_wconf 86' lang='lat' dir='ltr'>vel</span> <span class='ocrx_word' id='word_1_53' title='bbox 842 1245 964 1328; x_wconf 80' lang='lat' dir='ltr'>pyxide</span> <span class='ocrx_word' id='word_1_54' title='bbox 985 1245 1159 1310; x_wconf 76' lang='lat' dir='ltr'>nummos?</span> 
     </span>
     <span class='ocr_line' id='line_1_9' title="bbox 239 1356 1157 1442; baseline -0.002 -18"><span class='ocrx_word' id='word_1_55' title='bbox 239 1360 303 1425; x_wconf 91' lang='lat' dir='ltr'>rari</span> <span class='ocrx_word' id='word_1_56' title='bbox 326 1359 448 1442; x_wconf 92' lang='lat' dir='ltr'>quippe</span> <span class='ocrx_word' id='word_1_57' title='bbox 470 1357 557 1439; x_wconf 85' lang='lat' dir='ltr'>boni,</span> <span class='ocrx_word' id='word_1_58' title='bbox 581 1377 723 1438; x_wconf 87' lang='lat' dir='ltr'>numera,</span> <span class='ocrx_word' id='word_1_59' title='bbox 747 1358 804 1422; x_wconf 85' lang='lat' dir='ltr'>vix</span> <span class='ocrx_word' id='word_1_60' title='bbox 826 1363 902 1422; x_wconf 88' lang='lat' dir='ltr'>sunt</span> <span class='ocrx_word' id='word_1_61' title='bbox 922 1356 1057 1422; x_wconf 88' lang='lat' dir='ltr'>totidem</span> <span class='ocrx_word' id='word_1_62' title='bbox 1080 1364 1157 1439; x_wconf 91' lang='lat' dir='ltr'>quot</span> 
     </span>
     <span class='ocr_line' id='line_1_10' title="bbox 240 1467 978 1554; baseline -0.005 -18"><span class='ocrx_word' id='word_1_63' title='bbox 240 1471 425 1536; x_wconf 82' lang='lat' dir='ltr'><strong>Thebarum</strong></span> <span class='ocrx_word' id='word_1_64' title='bbox 448 1476 562 1554; x_wconf 83' lang='lat' dir='ltr'>portae</span> <span class='ocrx_word' id='word_1_65' title='bbox 585 1469 638 1535; x_wconf 89' lang='lat' dir='ltr'>vel</span> <span class='ocrx_word' id='word_1_66' title='bbox 661 1467 772 1534; x_wconf 86' lang='lat' dir='ltr'>divitis</span> <span class='ocrx_word' id='word_1_67' title='bbox 796 1469 879 1533; x_wconf 88' lang='lat' dir='ltr'>ostia</span> <span class='ocrx_word' id='word_1_68' title='bbox 901 1469 978 1533; x_wconf 88' lang='lat' dir='ltr'>Nili.</span> 
     </span>
     <span class='ocr_line' id='line_1_11' title="bbox 240 1580 1023 1666; baseline -0.001 -20"><span class='ocrx_word' id='word_1_69' title='bbox 240 1602 323 1647; x_wconf 89' lang='lat' dir='ltr'>nuno</span> <span class='ocrx_word' id='word_1_70' title='bbox 345 1589 437 1648; x_wconf 85' lang='lat' dir='ltr'>aetas</span> <span class='ocrx_word' id='word_1_71' title='bbox 460 1581 568 1666; x_wconf 80' lang='lat' dir='ltr'>agitur</span> <span class='ocrx_word' id='word_1_72' title='bbox 590 1582 767 1664; x_wconf 88' lang='lat' dir='ltr'>peioraque</span> <span class='ocrx_word' id='word_1_73' title='bbox 790 1581 923 1645; x_wconf 86' lang='lat' dir='ltr'>saeoula</span> <span class='ocrx_word' id='word_1_74' title='bbox 944 1580 1023 1645; x_wconf 84' lang='lat' dir='ltr'>ferri</span> 
     </span>
     <span class='ocr_line' id='line_1_12' title="bbox 240 1693 1074 1778; baseline -0.004 -19"><span class='ocrx_word' id='word_1_75' title='bbox 240 1694 448 1778; x_wconf 81' lang='lat' dir='ltr'>temporibus,</span> <span class='ocrx_word' id='word_1_76' title='bbox 472 1712 606 1776; x_wconf 91' lang='lat' dir='ltr'>quorum</span> <span class='ocrx_word' id='word_1_77' title='bbox 630 1693 746 1757; x_wconf 80' lang='lat' dir='ltr'>sceleri</span> <span class='ocrx_word' id='word_1_78' title='bbox 768 1712 833 1757; x_wconf 90' lang='lat' dir='ltr'>non</span> <span class='ocrx_word' id='word_1_79' title='bbox 855 1693 979 1757; x_wconf 81' lang='lat' dir='ltr'>Invenit</span> <span class='ocrx_word' id='word_1_80' title='bbox 1001 1693 1074 1775; x_wconf 88' lang='lat' dir='ltr'>ipsa</span> 
     </span>
     <span class='ocr_line' id='line_1_13' title="bbox 183 1804 998 1888; baseline -0.004 -18"><span class='ocrx_word' id='word_1_81' title='bbox 183 1814 218 1870; x_wconf 83' lang='lat'>30</span> <span class='ocrx_word' id='word_1_82' title='bbox 240 1825 357 1871; x_wconf 90' lang='lat' dir='ltr'>nomeu</span> <span class='ocrx_word' id='word_1_83' title='bbox 379 1813 411 1872; x_wconf 89' lang='lat' dir='ltr'>et</span> <span class='ocrx_word' id='word_1_84' title='bbox 433 1826 454 1869; x_wconf 92' lang='lat' dir='ltr'>a</span> <span class='ocrx_word' id='word_1_85' title='bbox 475 1804 564 1869; x_wconf 92' lang='lat' dir='ltr'>nullo</span> <span class='ocrx_word' id='word_1_86' title='bbox 586 1805 696 1888; x_wconf 86' lang='lat' dir='ltr'>posuit</span> <span class='ocrx_word' id='word_1_87' title='bbox 719 1811 835 1870; x_wconf 89' lang='lat' dir='ltr'>natura</span> <span class='ocrx_word' id='word_1_88' title='bbox 856 1804 998 1868; x_wconf 84' lang='lat' dir='ltr'>metallo.</span> 
     </span>
     <span class='ocr_line' id='line_1_14' title="bbox 240 1914 1119 1999; baseline -0.001 -17"><span class='ocrx_word' id='word_1_89' title='bbox 240 1938 298 1983; x_wconf 91' lang='lat' dir='ltr'>nos</span> <span class='ocrx_word' id='word_1_90' title='bbox 319 1918 486 1982; x_wconf 90' lang='lat' dir='ltr'>hominum</span> <span class='ocrx_word' id='word_1_91' title='bbox 507 1915 683 1999; x_wconf 81' lang='lat' dir='ltr'>divumque</span> <span class='ocrx_word' id='word_1_92' title='bbox 705 1914 804 1981; x_wconf 87' lang='lat' dir='ltr'>fidem</span> <span class='ocrx_word' id='word_1_93' title='bbox 826 1915 966 1981; x_wconf 89' lang='lat' dir='ltr'>elamore</span> <span class='ocrx_word' id='word_1_94' title='bbox 990 1915 1119 1996; x_wconf 71' lang='lat' dir='ltr'>(nemus,</span> 
     </span>
     <span class='ocr_line' id='line_1_15' title="bbox 240 2026 1027 2113; baseline -0.006 -18"><span class='ocrx_word' id='word_1_95' title='bbox 240 2036 359 2113; x_wconf 86' lang='lat' dir='ltr'>quanto</span> <span class='ocrx_word' id='word_1_96' title='bbox 382 2028 570 2098; x_wconf 86' lang='lat' dir='ltr'>Faesidium</span> <span class='ocrx_word' id='word_1_97' title='bbox 594 2026 707 2093; x_wconf 87' lang='lat' dir='ltr'>laudat</span> <span class='ocrx_word' id='word_1_98' title='bbox 731 2027 854 2092; x_wconf 84' lang='lat' dir='ltr'>vocalis</span> <span class='ocrx_word' id='word_1_99' title='bbox 877 2034 1027 2111; x_wconf 81' lang='lat' dir='ltr'>agentem</span> 
     </span>
     <span class='ocr_line' id='line_1_16' title="bbox 241 2139 1093 2226; baseline -0.004 -19"><span class='ocrx_word' id='word_1_100' title='bbox 241 2140 410 2226; x_wconf 76' lang='lat' dir='ltr'>sportula?</span> <span class='ocrx_word' id='word_1_101' title='bbox 435 2140 495 2221; x_wconf 77' lang='lat' dir='ltr'>die,</span> <span class='ocrx_word' id='word_1_102' title='bbox 519 2141 628 2205; x_wconf 86' lang='lat' dir='ltr'>senior</span> <span class='ocrx_word' id='word_1_103' title='bbox 651 2139 740 2204; x_wconf 91' lang='lat' dir='ltr'>bulla</span> <span class='ocrx_word' id='word_1_104' title='bbox 762 2139 963 2223; x_wconf 83' lang='lat' dir='ltr'>dignissime,</span> <span class='ocrx_word' id='word_1_105' title='bbox 986 2140 1093 2205; x_wconf 86' lang='lat' dir='ltr'>neseis</span> 
     </span>
    </p>
   </div>
   <div class='ocr_carea' id='block_1_3' title="bbox 162 2351 1288 2777">
    <p class='ocr_par' dir='ltr' id='par_1_3' title="bbox 162 2351 1288 2610">
     <span class='ocr_line' id='line_1_17' title="bbox 258 2351 1288 2434; baseline 0.003 -19"><span class='ocrx_word' id='word_1_106' title='bbox 258 2367 297 2416; x_wconf 78' lang='lat'>26.</span> <span class='ocrx_word' id='word_1_107' title='bbox 334 2379 457 2429; x_wconf 89' lang='lat' dir='ltr'>numera,</span> <span class='ocrx_word' id='word_1_108' title='bbox 477 2364 526 2418; x_wconf 85' lang='lat' dir='ltr'>va</span> <span class='ocrx_word' id='word_1_109' title='bbox 539 2367 613 2429; x_wconf 83' lang='lat' dir='ltr'>sunt]</span> <span class='ocrx_word' id='word_1_110' title='bbox 632 2351 748 2418; x_wconf 89' lang='lat' dir='ltr'>numero</span> <span class='ocrx_word' id='word_1_111' title='bbox 766 2364 815 2418; x_wconf 79' lang='lat' dir='ltr'>vix</span> <span class='ocrx_word' id='word_1_112' title='bbox 834 2369 901 2419; x_wconf 88' lang='lat' dir='ltr'>sunt</span> <span class='ocrx_word' id='word_1_113' title='bbox 913 2383 959 2434; x_wconf 81' lang='lat' dir='ltr'>pm</span> <span class='ocrx_word' id='word_1_114' title='bbox 970 2365 1051 2417; x_wconf 70' lang='lat' dir='ltr'>John.</span> <span class='ocrx_word' id='word_1_115' title='bbox 1079 2366 1163 2418; x_wconf 81' lang='lat' dir='ltr'>Pleas</span> <span class='ocrx_word' id='word_1_116' title='bbox 1175 2364 1288 2418; x_wconf 74' lang='lat' dir='ltr'>deletam</span> 
     </span>
     <span class='ocr_line' id='line_1_18' title="bbox 162 2448 1288 2523; baseline 0.001 -20"><span class='ocrx_word' id='word_1_117' title='bbox 162 2456 197 2503; x_wconf 78' lang='lat' dir='ltr'>ort</span> <span class='ocrx_word' id='word_1_118' title='bbox 212 2452 282 2520; x_wconf 75' lang='lat' dir='ltr'>quoa</span> <span class='ocrx_word' id='word_1_119' title='bbox 299 2451 327 2503; x_wconf 89' lang='lat' dir='ltr'><em>P</em></span> <span class='ocrx_word' id='word_1_120' title='bbox 343 2453 407 2518; x_wconf 76' lang='lat' dir='ltr'>post</span> <span class='ocrx_word' id='word_1_121' title='bbox 425 2465 523 2505; x_wconf 82' lang='lat' dir='ltr'>numer</span> <span class='ocrx_word' id='word_1_122' title='bbox 539 2449 684 2518; x_wconf 73' lang='lat' dir='ltr'>scripserat</span> <span class='ocrx_word' id='word_1_123' title='bbox 700 2448 794 2518; x_wconf 76' lang='lat' dir='ltr'>prima</span> <span class='ocrx_word' id='word_1_124' title='bbox 811 2455 899 2503; x_wconf 73' lang='lat' dir='ltr'>autem</span> <span class='ocrx_word' id='word_1_125' title='bbox 916 2450 1008 2504; x_wconf 75' lang='lat' dir='ltr'>littera</span> <span class='ocrx_word' id='word_1_126' title='bbox 1025 2468 1043 2505; x_wconf 92' lang='lat' dir='ltr'>a</span> <span class='ocrx_word' id='word_1_127' title='bbox 1053 2451 1125 2523; x_wconf 76' lang='lat' dir='ltr'>soit.</span> <span class='ocrx_word' id='word_1_128' title='bbox 1162 2451 1288 2504; x_wconf 78' lang='lat' dir='ltr'>Fortasse</span> 
     </span>
     <span class='ocr_line' id='line_1_19' title="bbox 162 2531 1286 2610; baseline -0.003 -19"><span class='ocrx_word' id='word_1_129' title='bbox 162 2537 323 2593; x_wconf 76' lang='lat' dir='ltr'>numeraris.</span> <span class='ocrx_word' id='word_1_130' title='bbox 360 2532 493 2588; x_wconf 60' lang='lat' dir='ltr'>‘seritur&#39;</span> <span class='ocrx_word' id='word_1_131' title='bbox 508 2534 594 2606; x_wconf 63' lang='lat' dir='ltr'>igitar</span> <span class='ocrx_word' id='word_1_132' title='bbox 611 2531 740 2590; x_wconf 87' lang='lat' dir='ltr'>numera&#39;</span> <span class='ocrx_word' id='word_1_133' title='bbox 760 2537 909 2589; x_wconf 65' lang='lat' dir='ltr'>Bachaias-³.</span> <span class='ocrx_word' id='word_1_134' title='bbox 940 2552 1069 2592; x_wconf 85' lang='lat' dir='ltr'>numeres</span> <span class='ocrx_word' id='word_1_135' title='bbox 1088 2537 1286 2610; x_wconf 72' lang='lat' dir='ltr'>Scharzfles&#39;sca.</span> 
     </span>
    </p>

    <p class='ocr_par' dir='ltr' id='par_1_4' title="bbox 162 2619 1288 2777">
     <span class='ocr_line' id='line_1_20' title="bbox 258 2619 1288 2692; baseline 0 -16"><span class='ocrx_word' id='word_1_136' title='bbox 258 2626 298 2676; x_wconf 80' lang='grc'>28.</span> <span class='ocrx_word' id='word_1_137' title='bbox 334 2638 410 2675; x_wconf 85' lang='lat' dir='ltr'>nuno</span> <span class='ocrx_word' id='word_1_138' title='bbox 429 2624 517 2688; x_wconf 84' lang='lat' dir='ltr'>aetas]</span> <span class='ocrx_word' id='word_1_139' title='bbox 538 2638 614 2676; x_wconf 87' lang='lat' dir='ltr'>nona</span> <span class='ocrx_word' id='word_1_140' title='bbox 632 2629 711 2677; x_wconf 77' lang='lat' dir='ltr'>aetas</span> <span class='ocrx_word' id='word_1_141' title='bbox 725 2640 770 2691; x_wconf 84' lang='lat' dir='ltr'>pm</span> <span class='ocrx_word' id='word_1_142' title='bbox 795 2622 843 2687; x_wconf 66' lang='lat' dir='ltr'>(sd</span> <span class='ocrx_word' id='word_1_143' title='bbox 859 2627 916 2676; x_wconf 77' lang='lat' dir='ltr'>erat</span> <span class='ocrx_word' id='word_1_144' title='bbox 934 2624 999 2678; x_wconf 81' lang='lat' dir='ltr'>Nou</span> <span class='ocrx_word' id='word_1_145' title='bbox 1017 2619 1212 2692; x_wconf 74' lang='lat' dir='ltr'>interropats&#39;os&#39;</span> <span class='ocrx_word' id='word_1_146' title='bbox 1231 2624 1288 2676; x_wconf 82' lang='lat' dir='ltr'>Ba-</span> 
     </span>
     <span class='ocr_line' id='line_1_21' title="bbox 162 2708 1001 2777; baseline -0.002 -15"><span class='ocrx_word' id='word_1_147' title='bbox 162 2710 268 2773; x_wconf 62' lang='lat' dir='ltr'>rkaia-³1.</span> <span class='ocrx_word' id='word_1_148' title='bbox 304 2710 353 2762; x_wconf 75' lang='lat' dir='ltr'>Ita</span> <span class='ocrx_word' id='word_1_149' title='bbox 371 2708 472 2777; x_wconf 78' lang='lat' dir='ltr'>Meyer</span> <span class='ocrx_word' id='word_1_150' title='bbox 489 2726 548 2761; x_wconf 81' lang='lat' dir='ltr'>oum</span> <span class='ocrx_word' id='word_1_151' title='bbox 567 2708 714 2777; x_wconf 75' lang='lat' dir='ltr'>Borplress&#39;o</span> <span class='ocrx_word' id='word_1_152' title='bbox 736 2710 851 2761; x_wconf 75' lang='lat' dir='ltr'>Oeuvres</span> <span class='ocrx_word' id='word_1_153' title='bbox 872 2710 947 2774; x_wconf 77' lang='lat' dir='ltr'>Vra,</span> <span class='ocrx_word' id='word_1_154' title='bbox 960 2716 1001 2763; x_wconf 73' lang='lat'>98.</span> 
     </span>
    </p>
   </div>
   <div class='ocr_carea' id='block_1_4' title="bbox 165 2833 361 2841">
    <p class='ocr_par' dir='ltr' id='par_1_5' title="bbox 165 2833 361 2841">
     <span class='ocr_line' id='line_1_22' title="bbox 165 2833 361 2841; baseline 0.005 -1"><span class='ocrx_word' id='word_1_155' title='bbox 165 2833 361 2841; x_wconf 67' lang='lat'><em>——-.—-—-</em></span> 
     </span>
    </p>
   </div>
   <div class='ocr_carea' id='block_1_5' title="bbox 225 2904 892 2973">
    <p class='ocr_par' dir='ltr' id='par_1_6' title="bbox 225 2904 892 2973">
     <span class='ocr_line' id='line_1_23' title="bbox 225 2904 892 2973; baseline -0.003 -16"><span class='ocrx_word' id='word_1_156' title='bbox 225 2908 265 2957; x_wconf 81' lang='lat'>33.</span> <span class='ocrx_word' id='word_1_157' title='bbox 302 2904 561 2971; x_wconf 84' lang='lat' dir='ltr'>Soh01.Pers.5,31</span> <span class='ocrx_word' id='word_1_158' title='bbox 585 2906 640 2969; x_wconf 80' lang='lat' dir='ltr'>[dio</span> <span class='ocrx_word' id='word_1_159' title='bbox 658 2935 692 2943; x_wconf 91' lang='lat'>-</span> <span class='ocrx_word' id='word_1_160' title='bbox 710 2906 892 2973; x_wconf 76' lang='lat' dir='ltr'>dignissime).</span> 
     </span>
    </p>
   </div>
   <div class='ocr_carea' id='block_1_6' title="bbox 159 3093 1291 4456">
    <p class='ocr_par' dir='ltr' id='par_1_7' title="bbox 160 3093 1287 3250">
     <span class='ocr_line' id='line_1_24' title="bbox 227 3093 1287 3163; baseline 0.003 -17"><span class='ocrx_word' id='word_1_161' title='bbox 227 3097 264 3147; x_wconf 81' lang='lat'>19.</span> <span class='ocrx_word' id='word_1_162' title='bbox 301 3112 397 3163; x_wconf 70' lang='lat' dir='ltr'>mapsa</span> <span class='ocrx_word' id='word_1_163' title='bbox 423 3095 524 3162; x_wconf 74' lang='lat' dir='ltr'>gehort</span> <span class='ocrx_word' id='word_1_164' title='bbox 552 3111 587 3148; x_wconf 83' lang='lat' dir='ltr'>nu</span> <span class='ocrx_word' id='word_1_165' title='bbox 616 3095 720 3149; x_wconf 84' lang='lat' dir='ltr'>viotrIr</span> <span class='ocrx_word' id='word_1_166' title='bbox 750 3093 892 3158; x_wconf 86' lang='lat' dir='ltr'>fortunae,</span> <span class='ocrx_word' id='word_1_167' title='bbox 920 3094 1010 3153; x_wconf 83' lang='lat' dir='ltr'>nieht.</span> <span class='ocrx_word' id='word_1_168' title='bbox 1037 3095 1090 3149; x_wconf 85' lang='lat' dir='ltr'>wie</span> <span class='ocrx_word' id='word_1_169' title='bbox 1115 3095 1214 3149; x_wconf 87' lang='lat' dir='ltr'>IIunro</span> <span class='ocrx_word' id='word_1_170' title='bbox 1241 3095 1287 3149; x_wconf 90' lang='lat' dir='ltr'>bei</span> 
     </span>
     <span class='ocr_line' id='line_1_25' title="bbox 160 3180 600 3250; baseline -0.009 -15"><span class='ocrx_word' id='word_1_171' title='bbox 160 3180 254 3250; x_wconf 69' lang='lat' dir='ltr'>layor</span> <span class='ocrx_word' id='word_1_172' title='bbox 271 3181 367 3246; x_wconf 84' lang='lat' dir='ltr'>meiat,</span> <span class='ocrx_word' id='word_1_173' title='bbox 387 3195 422 3235; x_wconf 84' lang='lat' dir='ltr'>nu</span> <span class='ocrx_word' id='word_1_174' title='bbox 440 3187 600 3249; x_wconf 80' lang='lat' dir='ltr'>praecepta.</span> 
     </span>
    </p>

    <p class='ocr_par' dir='ltr' id='par_1_8' title="bbox 160 3266 1289 3596">
     <span class='ocr_line' id='line_1_26' title="bbox 225 3266 1289 3336; baseline 0.003 -17"><span class='ocrx_word' id='word_1_175' title='bbox 225 3269 265 3319; x_wconf 80' lang='lat'>20.</span> <span class='ocrx_word' id='word_1_176' title='bbox 302 3266 400 3319; x_wconf 75' lang='lat' dir='ltr'>uictrix</span> <span class='ocrx_word' id='word_1_177' title='bbox 418 3270 554 3336; x_wconf 79' lang='lat' dir='ltr'>fortunas</span> <span class='ocrx_word' id='word_1_178' title='bbox 577 3266 718 3336; x_wconf 65' lang='lat' dir='ltr'>sapienia.</span> <span class='ocrx_word' id='word_1_179' title='bbox 755 3267 818 3322; x_wconf 78' lang='lat' dir='ltr'>Son.</span> <span class='ocrx_word' id='word_1_180' title='bbox 838 3267 908 3336; x_wconf 87' lang='lat' dir='ltr'>Epp.</span> <span class='ocrx_word' id='word_1_181' title='bbox 924 3269 963 3332; x_wconf 81' lang='lat' dir='ltr'>il,</span> <span class='ocrx_word' id='word_1_182' title='bbox 983 3271 1015 3319; x_wconf 81' lang='lat'>30</span> <span class='ocrx_word' id='word_1_183' title='bbox 1038 3267 1153 3336; x_wconf 80' lang='lat' dir='ltr'>sapiens</span> <span class='ocrx_word' id='word_1_184' title='bbox 1176 3268 1289 3336; x_wconf 79' lang='lat' dir='ltr'>quidem</span> 
     </span>
     <span class='ocr_line' id='line_1_27' title="bbox 160 3352 1289 3422; baseline -0.002 -15"><span class='ocrx_word' id='word_1_185' title='bbox 160 3352 248 3407; x_wconf 75' lang='lat' dir='ltr'>vtneit</span> <span class='ocrx_word' id='word_1_186' title='bbox 264 3353 372 3407; x_wconf 83' lang='lat' dir='ltr'>virtute</span> <span class='ocrx_word' id='word_1_187' title='bbox 390 3353 539 3408; x_wconf 85' lang='lat' dir='ltr'>tartunam.</span> <span class='ocrx_word' id='word_1_188' title='bbox 576 3352 724 3421; x_wconf 85' lang='lat' dir='ltr'>Sapientia</span> <span class='ocrx_word' id='word_1_189' title='bbox 741 3355 796 3408; x_wconf 87' lang='lat' dir='ltr'>wie</span> <span class='ocrx_word' id='word_1_190' title='bbox 815 3354 877 3408; x_wconf 90' lang='lat' dir='ltr'>sehr</span> <span class='ocrx_word' id='word_1_191' title='bbox 889 3352 984 3422; x_wconf 74' lang='lat' dir='ltr'>hiufig</span> <span class='ocrx_word' id='word_1_192' title='bbox 997 3353 1078 3417; x_wconf 86' lang='lat' dir='ltr'>(auoh</span> <span class='ocrx_word' id='word_1_193' title='bbox 1091 3359 1179 3409; x_wconf 89' lang='lat' dir='ltr'>unten</span> <span class='ocrx_word' id='word_1_194' title='bbox 1191 3371 1216 3408; x_wconf 90' lang='lat' dir='ltr'>v.</span> <span class='ocrx_word' id='word_1_195' title='bbox 1232 3355 1289 3419; x_wconf 79' lang='grc'>189)</span> 
     </span>
     <span class='ocr_line' id='line_1_28' title="bbox 160 3438 1289 3509; baseline 0.002 -16"><span class='ocrx_word' id='word_1_196' title='bbox 160 3459 191 3485; x_wconf 78' lang='grc' dir='ltr'>ι</span> <span class='ocrx_word' id='word_1_197' title='bbox 208 3438 397 3508; x_wconf 83' lang='lat' dir='ltr'>Philosophia.</span> <span class='ocrx_word' id='word_1_198' title='bbox 435 3439 561 3509; x_wconf 78' lang='lat' dir='ltr'>Georges</span> <span class='ocrx_word' id='word_1_199' title='bbox 579 3439 609 3494; x_wconf 92' lang='lat'>11</span> <span class='ocrx_word' id='word_1_200' title='bbox 628 3457 650 3494; x_wconf 81' lang='lat' dir='ltr'>a.</span> <span class='ocrx_word' id='word_1_201' title='bbox 668 3441 697 3493; x_wconf 86' lang='grc' dir='ltr'>Β.</span> <span class='ocrx_word' id='word_1_202' title='bbox 717 3439 775 3495; x_wconf 85' lang='lat' dir='ltr'>Cio.</span> <span class='ocrx_word' id='word_1_203' title='bbox 793 3440 875 3495; x_wconf 82' lang='lat' dir='ltr'>Tusa.</span> <span class='ocrx_word' id='word_1_204' title='bbox 895 3440 958 3495; x_wconf 81' lang='lat'>113</span> <span class='ocrx_word' id='word_1_205' title='bbox 981 3439 1130 3508; x_wconf 82' lang='lat' dir='ltr'>Sapientia</span> <span class='ocrx_word' id='word_1_206' title='bbox 1154 3456 1225 3509; x_wconf 87' lang='lat' dir='ltr'>quae</span> <span class='ocrx_word' id='word_1_207' title='bbox 1245 3456 1289 3495; x_wconf 91' lang='lat' dir='ltr'>ars</span> 
     </span>
     <span class='ocr_line' id='line_1_29' title="bbox 160 3525 1129 3596; baseline -0.002 -16"><span class='ocrx_word' id='word_1_208' title='bbox 160 3525 272 3580; x_wconf 58' lang='lat' dir='ltr'>avendi</span> <span class='ocrx_word' id='word_1_209' title='bbox 291 3526 418 3594; x_wconf 85' lang='lat' dir='ltr'>putanda</span> <span class='ocrx_word' id='word_1_210' title='bbox 436 3532 486 3581; x_wconf 84' lang='lat' dir='ltr'>est</span> <span class='ocrx_word' id='word_1_211' title='bbox 523 3525 573 3590; x_wconf 77' lang='lat' dir='ltr'>[Id.</span> <span class='ocrx_word' id='word_1_212' title='bbox 588 3526 624 3581; x_wconf 91' lang='lat' dir='ltr'>ib.</span> <span class='ocrx_word' id='word_1_213' title='bbox 640 3529 693 3591; x_wconf 82' lang='lat'>3,2</span> <span class='ocrx_word' id='word_1_214' title='bbox 712 3543 758 3581; x_wconf 89' lang='lat' dir='ltr'>ars</span> <span class='ocrx_word' id='word_1_215' title='bbox 776 3535 819 3582; x_wconf 88' lang='lat' dir='ltr'>est</span> <span class='ocrx_word' id='word_1_216' title='bbox 836 3526 1019 3596; x_wconf 88' lang='lat' dir='ltr'>philosophia</span> <span class='ocrx_word' id='word_1_217' title='bbox 1036 3527 1129 3590; x_wconf 81' lang='lat' dir='ltr'>vitae).</span> 
     </span>
    </p>

    <p class='ocr_par' dir='ltr' id='par_1_9' title="bbox 225 3611 1102 3682">
     <span class='ocr_line' id='line_1_30' title="bbox 225 3611 1102 3682; baseline 0.002 -19"><span class='ocrx_word' id='word_1_218' title='bbox 225 3615 265 3663; x_wconf 71' lang='lat'>²5.</span> <span class='ocrx_word' id='word_1_219' title='bbox 301 3611 401 3681; x_wconf 77' lang='lat' dir='ltr'>pyxide</span> <span class='ocrx_word' id='word_1_220' title='bbox 419 3627 457 3666; x_wconf 84' lang='lat' dir='ltr'>sc.</span> <span class='ocrx_word' id='word_1_221' title='bbox 478 3612 588 3667; x_wconf 86' lang='lat' dir='ltr'>veneni.</span> <span class='ocrx_word' id='word_1_222' title='bbox 625 3612 682 3667; x_wconf 85' lang='lat' dir='ltr'>Cio.</span> <span class='ocrx_word' id='word_1_223' title='bbox 697 3611 772 3666; x_wconf 82' lang='lat' dir='ltr'>Cael.</span> <span class='ocrx_word' id='word_1_224' title='bbox 786 3616 801 3675; x_wconf 65' lang='grc' dir='ltr'><strong>ξ</strong></span> <span class='ocrx_word' id='word_1_225' title='bbox 814 3615 846 3662; x_wconf 74' lang='grc'>65</span> <span class='ocrx_word' id='word_1_226' title='bbox 866 3614 968 3669; x_wconf 86' lang='lat' dir='ltr'>veneni</span> <span class='ocrx_word' id='word_1_227' title='bbox 987 3612 1102 3682; x_wconf 84' lang='lat' dir='ltr'>pyxide.</span> 
     </span>
    </p>

    <p class='ocr_par' dir='ltr' id='par_1_10' title="bbox 225 3695 595 3766">
     <span class='ocr_line' id='line_1_31' title="bbox 225 3695 595 3766; baseline 0.003 -17"><span class='ocrx_word' id='word_1_228' title='bbox 225 3699 334 3749; x_wconf 82' lang='lat' dir='ltr'>ts-so.</span> <span class='ocrx_word' id='word_1_229' title='bbox 371 3695 595 3766; x_wconf 71' lang='lat' dir='ltr'>ugrum-24.</span> 
     </span>
    </p>

    <p class='ocr_par' dir='ltr' id='par_1_11' title="bbox 160 3781 1290 4011">
     <span class='ocr_line' id='line_1_32' title="bbox 225 3781 1289 3853; baseline 0.005 -20"><span class='ocrx_word' id='word_1_230' title='bbox 225 3785 265 3835; x_wconf 81' lang='lat'>³1.</span> <span class='ocrx_word' id='word_1_231' title='bbox 302 3782 393 3838; x_wconf 84' lang='lat' dir='ltr'>Plaut.</span> <span class='ocrx_word' id='word_1_232' title='bbox 412 3781 476 3837; x_wconf 84' lang='lat' dir='ltr'>Aul.</span> <span class='ocrx_word' id='word_1_233' title='bbox 495 3784 544 3835; x_wconf 78' lang='lat'>297</span> <span class='ocrx_word' id='word_1_234' title='bbox 563 3785 633 3853; x_wconf 86' lang='lat' dir='ltr'>quiu</span> <span class='ocrx_word' id='word_1_235' title='bbox 652 3784 747 3839; x_wconf 85' lang='lat' dir='ltr'>divom</span> <span class='ocrx_word' id='word_1_236' title='bbox 766 3790 851 3852; x_wconf 88' lang='lat' dir='ltr'>atquo</span> <span class='ocrx_word' id='word_1_237' title='bbox 869 3783 1014 3839; x_wconf 87' lang='lat' dir='ltr'>hominum</span> <span class='ocrx_word' id='word_1_238' title='bbox 1033 3785 1136 3838; x_wconf 87' lang='lat' dir='ltr'>clamat</span> <span class='ocrx_word' id='word_1_239' title='bbox 1153 3785 1289 3840; x_wconf 83' lang='lat' dir='ltr'>contiuuo</span> 
     </span>
     <span class='ocr_line' id='line_1_33' title="bbox 160 3866 1290 3935; baseline 0.002 -12"><span class='ocrx_word' id='word_1_240' title='bbox 160 3866 247 3923; x_wconf 78' lang='lat' dir='ltr'>fidem.</span> <span class='ocrx_word' id='word_1_241' title='bbox 283 3868 344 3923; x_wconf 83' lang='lat' dir='ltr'>Liv.</span> <span class='ocrx_word' id='word_1_242' title='bbox 358 3869 445 3924; x_wconf 90' lang='lat' dir='ltr'>XXII</span> <span class='ocrx_word' id='word_1_243' title='bbox 460 3871 499 3935; x_wconf 76' lang='lat'>14,</span> <span class='ocrx_word' id='word_1_244' title='bbox 514 3872 528 3920; x_wconf 86' lang='grc'><strong>7</strong></span> <span class='ocrx_word' id='word_1_245' title='bbox 547 3886 604 3926; x_wconf 89' lang='lat' dir='ltr'>non</span> <span class='ocrx_word' id='word_1_246' title='bbox 622 3870 749 3926; x_wconf 87' lang='lat' dir='ltr'>homines</span> <span class='ocrx_word' id='word_1_247' title='bbox 767 3875 885 3935; x_wconf 87' lang='lat' dir='ltr'>tantum,</span> <span class='ocrx_word' id='word_1_248' title='bbox 904 3871 955 3925; x_wconf 86' lang='lat' dir='ltr'>sed</span> <span class='ocrx_word' id='word_1_249' title='bbox 972 3869 1088 3925; x_wconf 83' lang='lat' dir='ltr'>foedera</span> <span class='ocrx_word' id='word_1_250' title='bbox 1106 3877 1135 3925; x_wconf 87' lang='lat' dir='ltr'>et</span> <span class='ocrx_word' id='word_1_251' title='bbox 1152 3870 1221 3924; x_wconf 88' lang='lat' dir='ltr'>deos</span> <span class='ocrx_word' id='word_1_252' title='bbox 1234 3870 1290 3925; x_wconf 74' lang='lat' dir='ltr'>oie</span> 
     </span>
     <span class='ocr_line' id='line_1_34' title="bbox 160 3952 264 4011; baseline 0.019 -2"><span class='ocrx_word' id='word_1_253' title='bbox 160 3952 264 4011; x_wconf 80' lang='lat' dir='ltr'>bamus</span> 
     </span>
    </p>

    <p class='ocr_par' dir='ltr' id='par_1_12' title="bbox 159 4041 1291 4369">
     <span class='ocr_line' id='line_1_35' title="bbox 226 4041 1290 4111; baseline 0.005 -19"><span class='ocrx_word' id='word_1_254' title='bbox 226 4042 266 4092; x_wconf 81' lang='grc'>33.</span> <span class='ocrx_word' id='word_1_255' title='bbox 302 4043 424 4110; x_wconf 74' lang='lat' dir='ltr'>sportula</span> <span class='ocrx_word' id='word_1_256' title='bbox 445 4041 489 4095; x_wconf 81' lang='lat' dir='ltr'>ssir</span> <span class='ocrx_word' id='word_1_257' title='bbox 507 4041 554 4097; x_wconf 84' lang='lat' dir='ltr'>die</span> <span class='ocrx_word' id='word_1_258' title='bbox 572 4042 620 4098; x_wconf 86' lang='lat' dir='ltr'>die</span> <span class='ocrx_word' id='word_1_259' title='bbox 642 4041 769 4111; x_wconf 80' lang='lat' dir='ltr'>sportula</span> <span class='ocrx_word' id='word_1_260' title='bbox 787 4042 930 4097; x_wconf 87' lang='lat' dir='ltr'>entweder</span> <span class='ocrx_word' id='word_1_261' title='bbox 949 4045 977 4097; x_wconf 92' lang='lat' dir='ltr'>in</span> <span class='ocrx_word' id='word_1_262' title='bbox 991 4042 1063 4098; x_wconf 87' lang='lat' dir='ltr'>Geld</span> <span class='ocrx_word' id='word_1_263' title='bbox 1082 4043 1150 4098; x_wconf 84' lang='lat' dir='ltr'>oder</span> <span class='ocrx_word' id='word_1_264' title='bbox 1166 4043 1196 4096; x_wconf 93' lang='lat' dir='ltr'>in</span> <span class='ocrx_word' id='word_1_265' title='bbox 1208 4043 1290 4097; x_wconf 85' lang='lat' dir='ltr'>Form</span> 
     </span>
     <span class='ocr_line' id='line_1_36' title="bbox 159 4126 1291 4197; baseline 0.001 -16"><span class='ocrx_word' id='word_1_266' title='bbox 159 4127 236 4182; x_wconf 64' lang='lat' dir='ltr'>mmor</span> <span class='ocrx_word' id='word_1_267' title='bbox 252 4126 435 4196; x_wconf 82' lang='lat' dir='ltr'>Beerthung</span> <span class='ocrx_word' id='word_1_268' title='bbox 454 4132 496 4193; x_wconf 83' lang='lat' dir='ltr'>(au</span> <span class='ocrx_word' id='word_1_269' title='bbox 515 4129 594 4183; x_wconf 82' lang='lat' dir='ltr'>IIart</span> <span class='ocrx_word' id='word_1_270' title='bbox 607 4127 664 4183; x_wconf 89' lang='lat' dir='ltr'>VII</span> <span class='ocrx_word' id='word_1_271' title='bbox 677 4131 718 4195; x_wconf 81' lang='grc'>88,</span> <span class='ocrx_word' id='word_1_272' title='bbox 731 4131 755 4193; x_wconf 77' lang='lat' dir='ltr'>si</span> <span class='ocrx_word' id='word_1_273' title='bbox 774 4127 998 4197; x_wconf 78' lang='lat' dir='ltr'>empfsugemien</span> <span class='ocrx_word' id='word_1_274' title='bbox 1016 4128 1158 4194; x_wconf 72' lang='lat' dir='ltr'>clientem</span> <span class='ocrx_word' id='word_1_275' title='bbox 1179 4128 1291 4184; x_wconf 80' lang='lat' dir='ltr'>ithulioh</span> 
     </span>
     <span class='ocr_line' id='line_1_37' title="bbox 159 4212 1291 4284; baseline 0.001 -17"><span class='ocrx_word' id='word_1_276' title='bbox 159 4212 237 4268; x_wconf 69' lang='lat' dir='ltr'>lant</span> <span class='ocrx_word' id='word_1_277' title='bbox 249 4212 290 4267; x_wconf 88' lang='lat' dir='ltr'>Vl</span> <span class='ocrx_word' id='word_1_278' title='bbox 302 4216 336 4265; x_wconf 79' lang='grc'>48</span> <span class='ocrx_word' id='word_1_279' title='bbox 355 4214 433 4282; x_wconf 90' lang='lat' dir='ltr'>quod</span> <span class='ocrx_word' id='word_1_280' title='bbox 452 4221 508 4268; x_wconf 85' lang='lat' dir='ltr'>tam</span> <span class='ocrx_word' id='word_1_281' title='bbox 524 4214 633 4284; x_wconf 74' lang='lat' dir='ltr'>grands</span> <span class='ocrx_word' id='word_1_282' title='bbox 655 4214 761 4283; x_wconf 87' lang='lat' dir='ltr'>sophos</span> <span class='ocrx_word' id='word_1_283' title='bbox 782 4213 885 4269; x_wconf 80' lang='lat' dir='ltr'>elamat</span> <span class='ocrx_word' id='word_1_284' title='bbox 907 4215 961 4271; x_wconf 90' lang='lat' dir='ltr'>tibi</span> <span class='ocrx_word' id='word_1_285' title='bbox 984 4215 1067 4270; x_wconf 89' lang='lat' dir='ltr'>turba</span> <span class='ocrx_word' id='word_1_286' title='bbox 1090 4220 1201 4284; x_wconf 78' lang='lat' dir='ltr'>togata,</span> <span class='ocrx_word' id='word_1_287' title='bbox 1228 4215 1291 4271; x_wconf 81' lang='lat' dir='ltr'>Non</span> 
     </span>
     <span class='ocr_line' id='line_1_38' title="bbox 160 4299 713 4369; baseline -0.002 -14"><span class='ocrx_word' id='word_1_288' title='bbox 160 4304 201 4363; x_wconf 85' lang='lat' dir='ltr'>tu,</span> <span class='ocrx_word' id='word_1_289' title='bbox 218 4299 362 4369; x_wconf 87' lang='lat' dir='ltr'>Pomponi,</span> <span class='ocrx_word' id='word_1_290' title='bbox 381 4315 453 4354; x_wconf 88' lang='lat' dir='ltr'>oona</span> <span class='ocrx_word' id='word_1_291' title='bbox 470 4299 578 4356; x_wconf 85' lang='lat' dir='ltr'>diserta</span> <span class='ocrx_word' id='word_1_292' title='bbox 594 4306 645 4355; x_wconf 86' lang='lat' dir='ltr'>tua</span> <span class='ocrx_word' id='word_1_293' title='bbox 662 4305 713 4355; x_wconf 82' lang='lat' dir='ltr'>est</span> 
     </span>
    </p>

    <p class='ocr_par' dir='ltr' id='par_1_13' title="bbox 228 4383 1101 4456">
     <span class='ocr_line' id='line_1_39' title="bbox 228 4383 1101 4456; baseline 0 -18"><span class='ocrx_word' id='word_1_294' title='bbox 228 4385 299 4440; x_wconf 74' lang='lat' dir='ltr'>balla</span> <span class='ocrx_word' id='word_1_295' title='bbox 316 4384 470 4456; x_wconf 74' lang='lat' dir='ltr'>dipsisss&#39;ms</span> <span class='ocrx_word' id='word_1_296' title='bbox 488 4386 514 4440; x_wconf 87' lang='lat' dir='ltr'>d.</span> <span class='ocrx_word' id='word_1_297' title='bbox 527 4385 554 4440; x_wconf 85' lang='lat' dir='ltr'>h.</span> <span class='ocrx_word' id='word_1_298' title='bbox 567 4384 668 4443; x_wconf 69' lang='lat' dir='ltr'>noem</span> <span class='ocrx_word' id='word_1_299' title='bbox 684 4383 824 4442; x_wconf 82' lang='lat' dir='ltr'>kindisoh.</span> <span class='ocrx_word' id='word_1_300' title='bbox 860 4387 901 4441; x_wconf 89' lang='lat' dir='ltr'>Zu</span> <span class='ocrx_word' id='word_1_301' title='bbox 919 4390 943 4452; x_wconf 88' lang='lat'>5,</span> <span class='ocrx_word' id='word_1_302' title='bbox 960 4389 1101 4439; x_wconf 77' lang='lat' dir='ltr'>ros-165.</span> 
     </span>
    </p>
   </div>
   <div class='ocr_carea' id='block_1_7' title="bbox 1037 4491 1084 4542">
    <p class='ocr_par' dir='ltr' id='par_1_14' title="bbox 1037 4491 1084 4542">
     <span class='ocr_line' id='line_1_40' title="bbox 1037 4491 1084 4542; baseline 0 0"><span class='ocrx_word' id='word_1_303' title='bbox 1037 4491 1084 4542; x_wconf 76' lang='lat'>11·</span> 
     </span>
    </p>
   </div>
   <div class='ocr_carea' id='block_1_8' title="bbox 0 0 1472 4986">
    <p class='ocr_par' dir='ltr' id='par_1_15' title="bbox 0 0 1472 4986">
     <span class='ocr_line' id='line_1_41' title="bbox 0 0 1472 4986; baseline 0 0"><span class='ocrx_word' id='word_1_304' title='bbox 0 0 1472 4986; x_wconf 95' lang='lat' dir='ltr'> </span> 
     </span>
    </p>
   </div>
  </div>
 </body>
</html>
