2932 4986
531 354 616 411 Liber
633 355 748 424 primus.
785 354 887 411 Satura
904 354 938 410 V.

247 536 283 594 et
304 528 357 593 eui
379 547 438 612 per
459 526 601 594 mediam
624 526 708 592 nolis
732 546 899 592 ooourrere
921 533 1057 607 noctem,

186 649 225 704 55
249 640 394 706 clivosae
416 639 546 704 veheris
568 639 646 704 dum
667 657 726 722 per
747 645 955 705 monumenta
976 639 1127 705 Latinae:

249 751 310 817 llos
332 751 433 816 Asiae
455 758 531 817 ante
552 751 669 834 ipsum,
693 751 798 834 pretio
821 752 943 816 maiore
965 757 1099 833 paratus

249 884 349 946 quam
370 862 432 928 fuit
454 870 487 927 et
508 861 597 927 Tulli
619 881 736 928 oeneus
758 863 918 946 pugnacis
941 868 974 927 et
994 860 1078 927 Anoi

250 984 292 1054 et
315 994 358 1040 ne
379 981 412 1039 te
434 982 573 1054 teneam,
597 974 813 1038 Romanorum
836 975 943 1038 omnia
965 993 1077 1057 regum

250 1086 379 1152 frivola.
425 1084 512 1167 quod
534 1104 606 1150 eum
628 1087 675 1151 ita
697 1085 748 1166 sit,
772 1091 807 1150 tu
830 1084 1004 1150 Gaetulum
1028 1085 1254 1168 Ganymedem

188 1206 227 1261 60
249 1199 386 1282 sospite,
410 1215 483 1262 eum
506 1198 607 1262 sities.
653 1198 759 1262 neseit
780 1203 826 1262 tot
848 1197 978 1262 milibus
1002 1205 1128 1280 emptus

249 1307 450 1394 pauperibus
472 1309 610 1373 miseere
632 1327 721 1391 puer,
746 1307 806 1373 sed
829 1308 942 1389 forma,
966 1308 1025 1373 sed
1048 1317 1140 1374 aetas

249 1421 353 1505 digna
374 1419 557 1505 supersilio.
603 1419 733 1502 quando
757 1419 800 1484 ad
822 1426 855 1484 te
877 1421 1027 1503 pervenit
1047 1420 1130 1485 ille?

249 1530 381 1615 quando
403 1538 538 1615 rogatus
560 1529 654 1597 adest
675 1530 804 1596 ualidae
827 1531 1023 1614 gelidaeque
1046 1531 1220 1596 minister?

249 1646 372 1727 quippe
394 1643 581 1726 indignatur
603 1643 707 1708 reteri
728 1662 845 1726 parere
867 1643 978 1707 clienti

190 1763 226 1818 65
250 1755 402 1838 quodque
423 1753 550 1837 aliquid
572 1771 686 1838 posoas
709 1761 742 1818 et
764 1752 851 1836 quod
873 1773 909 1819 se
931 1760 1038 1819 stante
1059 1754 1238 1819 recumbas.

266 1946 308 1996 00.
346 1943 440 1997 sities:
459 1943 553 1998 nescit
570 1944 611 1993 61.
630 1956 708 2010 puer.
728 1942 779 1997 sed
803 1941 1000 2010 Vahleop.11.

169 2050 369 2059 ————-

266 2108 307 2158 55.
345 2104 457 2161 Paulin.
470 2105 572 2162 llolan.
585 2105 648 2162 llat
663 2105 708 2159 Ill
726 2105 786 2160 Fel.
799 2107 832 2156 72
851 2120 952 2174 aspera
973 2111 1120 2161 montosae
1143 2113 1297 2175 carpuntur

167 2202 252 2249 emta
270 2191 400 2247 Latinae.

265 2282 306 2330 56.
345 2275 495 2331 claudian.
509 2276 542 2329 ln
554 2276 672 2344 Eutrop.
686 2276 700 2330 Ι
713 2277 763 2329 250
782 2275 835 2332 flos
854 2276 960 2346 Syriae.

264 2367 307 2416 57,
345 2363 443 2417 Horat
457 2360 578 2429 (tlvt,
593 2365 624 2415 15
643 2363 724 2418 dives
740 2361 845 2417 Tullus
863 2368 893 2416 et
909 2361 1016 2418 Meus.

263 2453 307 2503 ol.
345 2447 426 2503 Ouid.
439 2448 503 2504 ldet
518 2448 625 2501 111455
643 2464 697 2504 nee
715 2447 874 2503 formonso
892 2455 978 2503 aetas.

227 2626 271 2675 54.
308 2620 468 2689 liutprand
484 2620 609 2689 Legat-‘l
632 2619 728 2675 colore
745 2619 923 2689 Aethiopem,
947 2622 994 2674 eni
1016 2636 1066 2689 per
1084 2622 1205 2676 mediam
1223 2622 1297 2678 nolis
1404 2637 1405 2640 ’

162 2723 310 2765 ΜΕΠΘῙΘ
328 2714 449 2761 noctem.

227 2885 271 2934 ⁵4.
308 2880 356 2933 eui
373 2896 426 2948 par
448 2877 562 2931 anodiam
583 2877 652 2930 nola'a
675 2894 812 2930 occurrere
829 2881 936 2930 noctem.
972 2878 1034 2933 Seu.
1054 2877 1207 2947 Apoooloo.
1229 2882 1296 2943 13‚3

160 2984 261 3024 mem
284 2967 401 3035 nigrum
421 2962 565 3029 villosum,
588 2978 657 3019 sane
680 2979 764 3032 quem
785 2979 844 3018 non
869 2962 942 3019 velis
968 2965 1022 3019 tibi
1046 2964 1076 3017 in
1103 2965 1228 3019 tenebris
1251 2981 1298 3020 oe·

160 3068 281 3110 muers.

227 3144 272 3192 55.
310 3136 424 3191 clivosae
439 3164 474 3174 -
488 3151 540 3204 por
562 3139 731 3189 monumenta
749 3135 873 3188 Latinae.
916 3135 962 3190 An
985 3136 1034 3190 der
1057 3135 1105 3189 via
1126 3136 1228 3190 Latina
1249 3135 1297 3205 lag

159 3224 303 3281 Juvenal·
319 3220 488 3277 Vatemtadt
504 3220 656 3290 Aquinum.

229 3313 275 3361 50.
311 3307 406 3363 Ueber
424 3308 471 3362 die
488 3307 585 3362 Praise
604 3307 722 3363 schllner
740 3305 861 3362 Sclaven
885 3318 917 3363 1v.
931 3309 964 3359 60
983 3315 1028 3362 tot
1045 3306 1160 3364 milibus
1179 3314 1296 3379 emptus)

162 3394 285 3453 {mind
305 3393 351 3448 111
365 3394 431 3458 02,1
453 3395 510 3447 :100
519 3396 569 3446 000
588 3393 647 3448 und
665 3393 714 3444 200
722 3395 788 3457 000).
824 3391 895 3447 Plin.
915 3392 946 3447 N.
966 3392 991 3446 h.
1011 3393 1067 3448 Vll
1087 3396 1127 3445 56.

227 3483 298 3551 Ipoe
315 3479 367 3534 der
385 3479 462 3545 llerr,
481 3495 515 3533 au
533 3495 559 3534 r.
574 3481 614 3530 30.

228 3570 274 3620 5ῖ.
311 3565 408 3620 Horat.
428 3564 457 3619 0.
477 3564 519 3620 lV
531 3568 554 3631 l,
569 3567 600 3617 15
619 3564 700 3620 oben.

228 3655 274 3707 58.
310 3670 345 3705 aa
362 3655 388 3704 to
405 3655 513 3704 teneam.
550 3649 608 3705 Cic.
627 3649 705 3706 Verr.
725 3651 785 3704 134
803 3650 861 3704 und
879 3666 931 3719 pro
947 3649 1075 3705 SRoseio
1093 3650 1154 3705 Am.
1175 3655 1244 3716 ῖ,20
1262 3669 1297 3708 ne

160 3742 274 3799 diutim
290 3744 405 3793 teneam
421 3735 485 3792 Seu.
504 3737 575 3807 Epp.
596 3738 652 3802 124,
667 3739 699 3790 20
718 3737 769 3792 sed
785 3752 821 3792 ne
840 3744 868 3791 te
887 3737 996 3791 diutius
1014 3744 1131 3792 teneam.

228 3828 274 3877 59.
310 3822 432 3877 Frivola.
462 3821 504 3877 Zu
521 3824 545 3888 3,
561 3823 617 3876 les.

226 3910 304 3983 qnod
320 3926 381 3962 eron
397 3908 438 3961 ita
454 3907 496 3961 eit.
533 3907 606 3963 Ilinl.
626 3907 652 3964 S.
667 3910 707 3961 57.

232 3996 383 4051 Gaetulum
403 3994 588 4063 Oanyrnedem.
620 3993 755 4057 Zu1‚6l.

227 4088 271 4135 llo.
309 4080 410 4151 mpr'oe
434 4079 497 4132 dum
519 4079 601 4133 sities.
637 4078 722 4148 Apul.
741 4078 775 4132 ll.
795 4078 822 4131 X
837 4081 867 4129 ll
890 4079 1047 4148 sitiensque
1069 4080 1238 4148 pocillatore
1256 4099 1298 4139 rs·

161 4182 260 4239 meto
276 4166 356 4223 cilils
374 4165 484 4223 alterna
502 4167 658 4221 connivens
676 4165 773 4221 bibere
791 4163 954 4234 flagitarem.

225 4260 267 4309 tot
284 4254 395 4308 milibus
411 4256 523 4322 emptus.
555 4252 595 4307 Zu
613 4252 654 4304 56.

225 4344 268 4395 or.
306 4342 394 4395 teari
409 4337 510 4393 aanor.
541 4337 581 4393 zn
603 4339 624 4403 ι,
639 4338 694 4390 132.
