2932 4986
160 339 222 402 398
571 333 715 390 Invonalie
733 341 890 390 naturarum

160 514 222 571 235
245 506 445 587 Anchemoli,
471 507 557 571 dicat
579 513 658 588 quot
679 505 815 572 Acoetes
837 504 955 570 vixerit
976 505 1082 582 annio,

246 626 323 701 quot
346 617 447 683 Siculi
469 616 652 701 Phrygibus
675 617 743 681 vini
765 614 939 681 donaverit
960 633 1069 680 urnae.

246 729 368 813 exigite
391 735 426 792 ut
447 746 555 792 morea
578 734 707 792 teneros
730 745 789 792 ceu
812 726 931 810 pollice
953 724 1061 806 ducat,

245 846 281 904 ut
302 840 330 904 ei
353 839 427 921 quis
450 857 524 904 cera
546 838 670 903 voltum
692 837 784 916 facit;
808 837 931 922 exigite
954 843 989 902 ut
1012 835 1055 901 eit

246 956 279 1013 et
300 955 394 1033 pater
416 949 520 1032 ipsius
543 955 663 1029 coetus,
687 967 729 1013 no
751 949 860 1031 turpia
880 947 1004 1028 ludant,

160 1068 221 1124 240
244 1081 286 1125 ne
309 1060 432 1126 faciant
455 1058 597 1139 vicibus;
620 1080 685 1124 non
708 1065 758 1124 eet
779 1059 853 1125 leve
876 1064 923 1124 tot
943 1076 1120 1141 puerorum

247 1170 422 1236 observare
444 1189 560 1236 manue
583 1172 758 1252 oculosque
779 1171 814 1234 144
836 1168 901 1234 fine
923 1169 1103 1235 trementis.

245 1275 349 1347 ‘hacc’
370 1283 476 1364 inquit
498 1275 595 1362 ‘cura
621 1280 679 1346 sed
702 1300 774 1345 cum
796 1299 832 1346 ee
855 1280 988 1345 verterit
1011 1298 1125 1360 annue,

246 1395 367 1477 accipe,
393 1393 507 1458 victori
530 1392 670 1477 populus
694 1391 780 1473 quod
802 1391 953 1475 postulat,
978 1384 1112 1456 aurum'.

603 1697 746 1762 Satura
769 1697 856 1761 VIII.

229 1856 287 1908 Der
305 1857 378 1907 erote
396 1850 479 1906 Theil
498 1852 616 1915 ,4-4454
639 1850 739 1918 gahort
752 1866 786 1904 nu
799 1850 862 1904 dem
875 1849 1082 1915 Salutabatur,
1102 1865 1161 1905 nae
1174 1850 1304 1907 Juvenal

161 1938 345 2007 geeehricben
363 1937 419 1991 hat.
456 1936 515 1990 Dae
527 1935 641 2000 Thema,
660 1935 707 1990 dio
725 1934 962 2004 Werthloeigkeit
979 1935 1057 1990 edler
1074 1933 1210 1991 Abkunft
1229 1938 1306 1992 ohne

268 2152 326 2201 235.
362 2149 531 2204 Anchemoli
551 2168 566 2209 ς
584 2147 748 2202 Archemori
769 2149 837 2200 Pon
856 2152 893 2218 cs.
907 2149 944 2200 ad
962 2150 1037 2218 Verp.
1052 2151 1086 2201 Α.
1102 2149 1136 2201 X
1145 2156 1205 2204 389.

264 2238 322 2288 240.
343 2238 400 2286 244.
437 2232 594 2291 ‘Iuvenalis
612 2250 669 2288 non
688 2230 762 2288 onnt'
788 2235 874 2286 Valla.

264 2324 321 2372 242.
359 2337 427 2375 cura
446 2321 505 2385 eod]
523 2336 606 2374 curae
626 2325 655 2375 et
673 2320 796 2372 PJalnl
807 2321 941 2374 Bccoeler
958 2337 1027 2375 cure
1039 2321 1090 2375 eod
1108 2324 1152 2376 cel
1169 2338 1255 2379 caree
1275 2332 1307 2380 ct

162 2428 177 2469 ς
195 2423 263 2461 cura
281 2406 331 2461 eed
350 2406 450 2459 Jaonl
465 2421 546 2460 cures
565 2411 594 2459 et
612 2405 707 2458 Kiocr.

265 2665 323 2714 234.
361 2661 511 2716 claudian.
525 2660 681 2716 XXXVIII
703 2661 794 2724 {LXV1
816 2664 830 2712 2
854 2667 883 2716 44
907 2662 1035 2730 gelidum
1060 2669 1162 2717 tenero
1190 2663 1305 2732 pollice

162 2756 258 2805 vereat
276 2764 355 2802 onus.

231 2923 288 2973 244.
326 2919 403 2975 Serv.
418 2926 447 2973 et
458 2919 614 2988 Philargyr.
628 2917 712 2986 Vorg.
726 2917 784 2972 Ecl.
799 2919 822 2983 3,
837 2920 859 2967 S.
897 2916 989 2972 Schol.
1003 2917 1080 2973 Pero.
1096 2921 1118 2984 l,
1135 2920 1174 2970 48.

231 3094 288 3143 235.
309 3092 371 3141 236ι
400 3093 515 3154 Acestes,
535 3087 710 3143 derAeneae
729 3088 758 3141 in
772 3085 889 3141 Sieilien
905 3084 1027 3154 gaetlich
1046 3086 1188 3143 aufuahm.
1216 3089 1307 3160 Verg.

162 3178 197 3234 A.
211 3177 238 3232 V
252 3179 283 3227 73
303 3177 368 3229 aevi
386 3181 511 3229 maturus
523 3173 643 3228 Acoetes
661 3172 717 3241 vgl.
731 3173 768 3227 ib.
784 3175 815 3222 35
829 3188 864 3227 ee.
878 3172 942 3226 ib.I
964 3174 1011 3223 435
1030 3173 1099 3227 vina
1116 3173 1212 3230 bouus
1231 3191 1308 3245 quae

162 3262 265 3318 deinde
284 3260 364 3314 caelia
384 3266 516 3314 onerarat
532 3259 652 3314 Acoetes
663 3258 760 3312 Litore
778 3257 935 3312 Trinacrio.

230 3348 288 3397 234.
308 3346 366 3395 238.
403 3345 477 3398 Pers.
491 3348 515 3408 5,
529 3347 561 3396 33
580 3342 773 3411 artificemque
796 3349 846 3397 tuo
871 3343 952 3397 ducit
974 3342 1027 3396 eub
1053 3342 1159 3412 pollice
1184 3344 1307 3402 vultum.

162 3431 231 3487 Stat.
243 3429 314 3484 Ach.
327 3429 341 3482 Ι
355 3429 404 3478 332
418 3429 539 3496 qualiter
552 3428 655 3484 artifici
667 3429 795 3482 victurae
809 3428 913 3495 pollice
927 3441 1008 3483 ceree
1021 3425 1182 3495 Accipiunt
1195 3429 1305 3488 formae

161 3517 312 3585 ignemque
329 3528 497 3581 manumque
516 3520 678 3582 sequuntur.

230 3604 288 3652 2441.
324 3598 446 3667 faciant:
472 3598 586 3652 obeclln.
622 3599 695 3654 Petr.
710 3600 750 3650 84.
780 3598 856 3653 Jahn
873 3599 949 3653 Pero.
963 3615 989 3666 p.
1006 3599 1063 3649 448.

230 3689 288 3738 244.
323 3683 409 3752 Apul.
428 3683 581 3752 Phyeiogn.
603 3685 640 3747 (in
658 3682 721 3737 Vol.
739 3683 816 3737 Roee
839 3682 980 3738 Anocd.l
1005 3682 1077 3738 Berl.
1099 3685 1172 3746 1864:
1197 3687 1258 3749 423,
1275 3692 1306 3740 47

163 3773 250 3840 (oculi
268 3771 356 3840 pravi)
376 3770 400 3824 ei
419 3776 570 3824 trementes
587 3769 700 3835 fuerInt,
718 3768 790 3822 nihil
807 3785 866 3823 non
885 3768 1038 3833 audebunt
1064 3769 1142 3837 quod
1162 3771 1306 3840 iniquum.

161 3857 327 3927 improbum.
363 3855 469 3922 rorte,
483 3856 498 3906 8
517 3854 593 3908 oculi
611 3859 763 3910 trementes
781 3854 875 3922 magui
888 3869 952 3908 cum
970 3859 1118 3922 pererrant
1129 3883 1166 3894 ·—
1178 3863 1209 3911 et
1221 3873 1307 3912 vora·

162 3946 278 3998 citatem
295 3947 324 3996 et
343 3941 589 4010 intemperantiam
606 3941 667 3995 vini
686 3957 749 3994 cum
768 3938 988 4008 intemperantia
1005 3940 1126 3995 veneria

231 4031 289 4080 242.
327 4026 417 4081 Schol.
438 4028 468 4081 in
493 4026 603 4082 theatro
628 4026 720 4081 solent
742 4032 839 4093 petere
863 4025 990 4092 quinque
1013 4041 1129 4091 aureoe;
1154 4042 1221 4081 nam
1246 4044 1308 4083 non

161 4113 268 4168 licebat
286 4113 407 4181 amplius
426 4114 500 4168 dare.
528 4112 586 4167 Vit.
600 4112 634 4166 ll.
647 4111 788 4166 Antonini
809 4112 854 4161 11:
873 4111 1044 4177 temperavit
1061 4111 1137 4165 enirn
1154 4113 1310 4169 scaenicae

162 4196 340 4263 donationes,
361 4198 461 4253 lubens
484 4203 517 4253 ut
535 4199 637 4267 quince
656 4211 757 4251 aureos
775 4196 899 4251 scaenici
918 4195 1090 4262 acciperent,
1110 4197 1151 4250 ita
1163 4204 1261 4253 tamen
1275 4206 1310 4254 ut

160 4281 256 4337 nullae
275 4283 367 4338 editor
386 4284 484 4338 decem
502 4298 603 4338 aureos
622 4283 803 4350 egrederetur
821 4279 1017 4337 8411111342,
1033 4283 1054 4331 4.
1075 4280 1127 4336 SG.
1143 4281 1230 4347 1324,
1245 4286 1269 4334 4.
