<?xml version="1.0" encoding="UTF-8"?>
<!DOCTYPE html PUBLIC "-//W3C//DTD XHTML 1.0 Transitional//EN"
    "http://www.w3.org/TR/xhtml1/DTD/xhtml1-transitional.dtd">
<html xmlns="http://www.w3.org/1999/xhtml" xml:lang="en" lang="en">
 <head>
  <title>
</title>
<meta http-equiv="Content-Type" content="text/html;charset=utf-8" />
  <meta name='ocr-system' content='tesseract 3.04.00' />
  <meta name='ocr-capabilities' content='ocr_page ocr_carea ocr_par ocr_line ocrx_word'/>
</head>
<body>
  <div class='ocr_page' id='page_1' title='image "./djuniijuvenalis04juvegoog_0465.png"; bbox 0 0 2932 4986; ppageno 0'>
   <div class='ocr_carea' id='block_1_1' title="bbox 525 363 946 433">
    <p class='ocr_par' dir='ltr' id='par_1_1' title="bbox 525 363 946 433">
     <span class='ocr_line' id='line_1_1' title="bbox 525 363 946 433; baseline 0.005 -16"><span class='ocrx_word' id='word_1_1' title='bbox 525 363 612 420; x_wconf 88' lang='lat' dir='ltr'>Liber</span> <span class='ocrx_word' id='word_1_2' title='bbox 629 371 753 433; x_wconf 80' lang='lat' dir='ltr'>quartur.</span> <span class='ocrx_word' id='word_1_3' title='bbox 791 364 894 421; x_wconf 86' lang='lat' dir='ltr'>Satura</span> <span class='ocrx_word' id='word_1_4' title='bbox 911 366 946 420; x_wconf 87' lang='lat' dir='ltr'>X.</span> 
     </span>
    </p>
   </div>
   <div class='ocr_carea' id='block_1_2' title="bbox 195 533 1207 1509">
    <p class='ocr_par' dir='ltr' id='par_1_2' title="bbox 195 533 1207 1509">
     <span class='ocr_line' id='line_1_2' title="bbox 254 533 1117 620; baseline 0.002 -20"><span class='ocrx_word' id='word_1_5' title='bbox 254 533 387 600; x_wconf 81' lang='lat' dir='ltr'>defossa</span> <span class='ocrx_word' id='word_1_6' title='bbox 408 534 443 598; x_wconf 89' lang='lat' dir='ltr'>in</span> <span class='ocrx_word' id='word_1_7' title='bbox 466 534 591 600; x_wconf 81' lang='lat' dir='ltr'>loculos</span> <span class='ocrx_word' id='word_1_8' title='bbox 614 553 695 616; x_wconf 82' lang='lat' dir='ltr'>quoa</span> <span class='ocrx_word' id='word_1_9' title='bbox 718 538 864 620; x_wconf 80' lang='lat' dir='ltr'>sportula</span> <span class='ocrx_word' id='word_1_10' title='bbox 885 536 965 603; x_wconf 85' lang='lat' dir='ltr'>iecit</span> <span class='ocrx_word' id='word_1_11' title='bbox 987 539 1117 604; x_wconf 82' lang='lat' dir='ltr'>amicos.</span> 
     </span>
     <span class='ocr_line' id='line_1_3' title="bbox 253 646 1120 729; baseline 0.005 -18"><span class='ocrx_word' id='word_1_12' title='bbox 253 653 330 711; x_wconf 91' lang='lat' dir='ltr'>tnnc</span> <span class='ocrx_word' id='word_1_13' title='bbox 350 664 479 729; x_wconf 90' lang='lat' dir='ltr'>quoque</span> <span class='ocrx_word' id='word_1_14' title='bbox 501 646 672 711; x_wconf 81' lang='lat' dir='ltr'>materiam</span> <span class='ocrx_word' id='word_1_15' title='bbox 694 647 780 712; x_wconf 81' lang='lat' dir='ltr'>risus</span> <span class='ocrx_word' id='word_1_16' title='bbox 802 648 927 712; x_wconf 91' lang='lat' dir='ltr'>invenit</span> <span class='ocrx_word' id='word_1_17' title='bbox 950 648 993 714; x_wconf 91' lang='lat' dir='ltr'>ad</span> <span class='ocrx_word' id='word_1_18' title='bbox 1016 649 1120 715; x_wconf 88' lang='lat' dir='ltr'>omnie</span> 
     </span>
     <span class='ocr_line' id='line_1_4' title="bbox 254 756 1102 841; baseline 0.004 -19"><span class='ocrx_word' id='word_1_19' title='bbox 254 774 406 822; x_wconf 78' lang='lat' dir='ltr'>occursus</span> <span class='ocrx_word' id='word_1_20' title='bbox 428 756 605 838; x_wconf 86' lang='lat' dir='ltr'>hominum,</span> <span class='ocrx_word' id='word_1_21' title='bbox 630 758 723 821; x_wconf 84' lang='lat' dir='ltr'>cuiue</span> <span class='ocrx_word' id='word_1_22' title='bbox 745 757 920 841; x_wconf 89' lang='lat' dir='ltr'>prudentia</span> <span class='ocrx_word' id='word_1_23' title='bbox 942 767 1102 825; x_wconf 88' lang='lat' dir='ltr'>monstrat</span> 
     </span>
     <span class='ocr_line' id='line_1_5' title="bbox 253 868 1151 953; baseline 0.004 -21"><span class='ocrx_word' id='word_1_24' title='bbox 253 886 395 933; x_wconf 81' lang='lat' dir='ltr'>summos</span> <span class='ocrx_word' id='word_1_25' title='bbox 417 886 515 952; x_wconf 81' lang='lat' dir='ltr'>posse</span> <span class='ocrx_word' id='word_1_26' title='bbox 538 868 626 933; x_wconf 83' lang='lat' dir='ltr'>viros</span> <span class='ocrx_word' id='word_1_27' title='bbox 649 875 682 933; x_wconf 89' lang='lat' dir='ltr'>et</span> <span class='ocrx_word' id='word_1_28' title='bbox 703 888 823 951; x_wconf 84' lang='lat' dir='ltr'>magna</span> <span class='ocrx_word' id='word_1_29' title='bbox 846 871 996 953; x_wconf 82' lang='lat' dir='ltr'>exempla</span> <span class='ocrx_word' id='word_1_30' title='bbox 1019 870 1151 936; x_wconf 82' lang='lat' dir='ltr'>daturos</span> 
     </span>
     <span class='ocr_line' id='line_1_6' title="bbox 195 979 1119 1063; baseline 0.005 -23"><span class='ocrx_word' id='word_1_31' title='bbox 195 986 231 1040; x_wconf 84' lang='lat'>50</span> <span class='ocrx_word' id='word_1_32' title='bbox 253 997 426 1044; x_wconf 75' lang='lat' dir='ltr'>vervecum</span> <span class='ocrx_word' id='word_1_33' title='bbox 449 980 484 1044; x_wconf 93' lang='lat' dir='ltr'>in</span> <span class='ocrx_word' id='word_1_34' title='bbox 506 979 615 1063; x_wconf 89' lang='lat' dir='ltr'>patria</span> <span class='ocrx_word' id='word_1_35' title='bbox 637 998 813 1061; x_wconf 80' lang='lat' dir='ltr'>crassoque</span> <span class='ocrx_word' id='word_1_36' title='bbox 836 981 896 1045; x_wconf 86' lang='lat' dir='ltr'>sub</span> <span class='ocrx_word' id='word_1_37' title='bbox 919 999 996 1046; x_wconf 90' lang='lat' dir='ltr'>aero</span> <span class='ocrx_word' id='word_1_38' title='bbox 1019 983 1119 1047; x_wconf 82' lang='lat' dir='ltr'>nasci.</span> 
     </span>
     <span class='ocr_line' id='line_1_7' title="bbox 252 1088 994 1175; baseline -0.001 -20"><span class='ocrx_word' id='word_1_39' title='bbox 252 1088 382 1155; x_wconf 81' lang='lat' dir='ltr'>ridebat</span> <span class='ocrx_word' id='word_1_40' title='bbox 404 1108 500 1155; x_wconf 83' lang='lat' dir='ltr'>curae</span> <span class='ocrx_word' id='word_1_41' title='bbox 522 1109 583 1155; x_wconf 92' lang='lat' dir='ltr'>nec</span> <span class='ocrx_word' id='word_1_42' title='bbox 605 1109 671 1155; x_wconf 93' lang='lat' dir='ltr'>non</span> <span class='ocrx_word' id='word_1_43' title='bbox 694 1099 725 1156; x_wconf 91' lang='lat' dir='ltr'>et</span> <span class='ocrx_word' id='word_1_44' title='bbox 747 1090 870 1175; x_wconf 84' lang='lat' dir='ltr'>gaudia</span> <span class='ocrx_word' id='word_1_45' title='bbox 892 1091 994 1175; x_wconf 86' lang='lat' dir='ltr'>vulgi,</span> 
     </span>
     <span class='ocr_line' id='line_1_8' title="bbox 254 1198 1178 1287; baseline 0.006 -23"><span class='ocrx_word' id='word_1_46' title='bbox 254 1198 418 1266; x_wconf 89' lang='lat' dir='ltr'>interdum</span> <span class='ocrx_word' id='word_1_47' title='bbox 440 1209 474 1266; x_wconf 86' lang='lat' dir='ltr'>et</span> <span class='ocrx_word' id='word_1_48' title='bbox 494 1202 657 1283; x_wconf 87' lang='lat' dir='ltr'>lacrimae,</span> <span class='ocrx_word' id='word_1_49' title='bbox 682 1220 754 1266; x_wconf 92' lang='lat' dir='ltr'>oum</span> <span class='ocrx_word' id='word_1_50' title='bbox 777 1202 941 1268; x_wconf 79' lang='lat' dir='ltr'>Fortunae</span> <span class='ocrx_word' id='word_1_51' title='bbox 964 1204 1036 1287; x_wconf 84' lang='lat' dir='ltr'>ipse</span> <span class='ocrx_word' id='word_1_52' title='bbox 1058 1207 1178 1270; x_wconf 90' lang='lat' dir='ltr'>minaci</span> 
     </span>
     <span class='ocr_line' id='line_1_9' title="bbox 252 1309 1207 1399; baseline 0.001 -21"><span class='ocrx_word' id='word_1_53' title='bbox 252 1309 424 1378; x_wconf 81' lang='lat' dir='ltr'>mandaret</span> <span class='ocrx_word' id='word_1_54' title='bbox 444 1311 597 1394; x_wconf 86' lang='lat' dir='ltr'>laqueum</span> <span class='ocrx_word' id='word_1_55' title='bbox 621 1312 827 1396; x_wconf 88' lang='lat' dir='ltr'>mediumque</span> <span class='ocrx_word' id='word_1_56' title='bbox 849 1313 1036 1380; x_wconf 79' lang='lat' dir='ltr'>ostenderet</span> <span class='ocrx_word' id='word_1_57' title='bbox 1058 1335 1207 1399; x_wconf 83' lang='lat' dir='ltr'>unguem.</span> 
     </span>
     <span class='ocr_line' id='line_1_10' title="bbox 295 1425 1182 1509; baseline 0.002 -21"><span class='ocrx_word' id='word_1_58' title='bbox 295 1442 374 1507; x_wconf 79' lang='lat' dir='ltr'>ergo</span> <span class='ocrx_word' id='word_1_59' title='bbox 397 1441 603 1507; x_wconf 80' lang='lat' dir='ltr'>supervacua</span> <span class='ocrx_word' id='word_1_60' title='bbox 625 1431 682 1489; x_wconf 90' lang='lat' dir='ltr'>aut</span> <span class='ocrx_word' id='word_1_61' title='bbox 811 1425 997 1507; x_wconf 82' lang='lat' dir='ltr'>perniciosa</span> <span class='ocrx_word' id='word_1_62' title='bbox 1018 1434 1182 1509; x_wconf 89' lang='lat' dir='ltr'>petuntur,</span> 
     </span>
    </p>
   </div>
   <div class='ocr_carea' id='block_1_3' title="bbox 167 1601 1306 2358">
    <p class='ocr_par' dir='ltr' id='par_1_3' title="bbox 174 1601 1302 1743">
     <span class='ocr_line' id='line_1_11' title="bbox 271 1601 1302 1673; baseline 0.004 -19"><span class='ocrx_word' id='word_1_63' title='bbox 271 1605 312 1654; x_wconf 86' lang='grc'>46.</span> <span class='ocrx_word' id='word_1_64' title='bbox 348 1602 462 1658; x_wconf 73' lang='lat' dir='ltr'>loculos</span> <span class='ocrx_word' id='word_1_65' title='bbox 487 1603 515 1655; x_wconf 89' lang='lat' dir='ltr'><strong><em>P</em></strong></span> <span class='ocrx_word' id='word_1_66' title='bbox 533 1606 564 1654; x_wconf 81' lang='lat' dir='ltr'>ut</span> <span class='ocrx_word' id='word_1_67' title='bbox 587 1601 700 1669; x_wconf 77' lang='lat' dir='ltr'>videtur,</span> <span class='ocrx_word' id='word_1_68' title='bbox 725 1620 795 1655; x_wconf 79' lang='lat' dir='ltr'>nunc</span> <span class='ocrx_word' id='word_1_69' title='bbox 817 1603 928 1673; x_wconf 71' lang='lat' dir='ltr'>prandio</span> <span class='ocrx_word' id='word_1_70' title='bbox 951 1605 1055 1656; x_wconf 79' lang='lat' dir='ltr'>macula</span> <span class='ocrx_word' id='word_1_71' title='bbox 1078 1609 1118 1657; x_wconf 82' lang='lat' dir='ltr'>art</span> <span class='ocrx_word' id='word_1_72' title='bbox 1140 1604 1261 1659; x_wconf 77' lang='lat' dir='ltr'>indicano</span> <span class='ocrx_word' id='word_1_73' title='bbox 1280 1607 1302 1661; x_wconf 87' lang='lat' dir='ltr'>i:</span> 
     </span>
     <span class='ocr_line' id='line_1_12' title="bbox 174 1687 317 1743; baseline -0.028 -1"><span class='ocrx_word' id='word_1_74' title='bbox 174 1687 271 1743; x_wconf 70' lang='lat' dir='ltr'>loculi!</span> <span class='ocrx_word' id='word_1_75' title='bbox 288 1707 317 1739; x_wconf 81' lang='grc' dir='ltr'>ω.</span> 
     </span>
    </p>

    <p class='ocr_par' dir='ltr' id='par_1_4' title="bbox 271 1773 742 1829">
     <span class='ocr_line' id='line_1_13' title="bbox 271 1773 742 1829; baseline 0.004 -5"><span class='ocrx_word' id='word_1_76' title='bbox 271 1776 312 1825; x_wconf 84' lang='grc'>47.</span> <span class='ocrx_word' id='word_1_77' title='bbox 347 1778 417 1828; x_wconf 86' lang='lat' dir='ltr'>tunc</span> <span class='ocrx_word' id='word_1_78' title='bbox 436 1773 464 1826; x_wconf 90' lang='lat' dir='ltr'><strong><em>P</em></strong></span> <span class='ocrx_word' id='word_1_79' title='bbox 477 1777 611 1826; x_wconf 81' lang='lat' dir='ltr'>mutatum</span> <span class='ocrx_word' id='word_1_80' title='bbox 629 1773 657 1825; x_wconf 79' lang='lat' dir='ltr'>in</span> <span class='ocrx_word' id='word_1_81' title='bbox 675 1781 742 1829; x_wconf 86' lang='lat' dir='ltr'>turn.</span> 
     </span>
    </p>

    <p class='ocr_par' dir='ltr' id='par_1_5' title="bbox 167 1858 1306 2358">
     <span class='ocr_line' id='line_1_14' title="bbox 272 1858 1306 1931; baseline 0.006 -19"><span class='ocrx_word' id='word_1_82' title='bbox 272 1862 312 1912; x_wconf 77' lang='grc'>54.</span> <span class='ocrx_word' id='word_1_83' title='bbox 349 1866 400 1914; x_wconf 72' lang='lat' dir='ltr'>cut</span> <span class='ocrx_word' id='word_1_84' title='bbox 417 1858 579 1928; x_wconf 81' lang='lat' dir='ltr'>perniciora</span> <span class='ocrx_word' id='word_1_85' title='bbox 592 1859 650 1911; x_wconf 81' lang='lat' dir='ltr'>Po:</span> <span class='ocrx_word' id='word_1_86' title='bbox 670 1873 742 1927; x_wconf 88' lang='lat' dir='ltr'>quae</span> <span class='ocrx_word' id='word_1_87' title='bbox 761 1858 874 1912; x_wconf 68' lang='lat' dir='ltr'>inscruit</span> <span class='ocrx_word' id='word_1_88' title='bbox 891 1859 1031 1926; x_wconf 71' lang='lat' dir='ltr'>Boebeler,</span> <span class='ocrx_word' id='word_1_89' title='bbox 1050 1865 1075 1913; x_wconf 83' lang='lat' dir='ltr'>et</span> <span class='ocrx_word' id='word_1_90' title='bbox 1089 1866 1153 1929; x_wconf 75' lang='lat' dir='ltr'>port</span> <span class='ocrx_word' id='word_1_91' title='bbox 1170 1867 1306 1931; x_wconf 87' lang='lat' dir='ltr'>petuntur</span> 
     </span>
     <span class='ocr_line' id='line_1_15' title="bbox 171 1943 1304 2014; baseline 0 -15"><span class='ocrx_word' id='word_1_92' title='bbox 171 1950 196 1998; x_wconf 75' lang='lat' dir='ltr'>ei</span> <span class='ocrx_word' id='word_1_93' title='bbox 202 1949 264 2014; x_wconf 72' lang='lat' dir='ltr'>poci</span> <span class='ocrx_word' id='word_1_94' title='bbox 281 1945 399 2001; x_wconf 81' lang='lat' dir='ltr'>deorum</span> <span class='ocrx_word' id='word_1_95' title='bbox 411 1943 488 2014; x_wconf 64' lang='lat' dir='ltr'>myrra</span> <span class='ocrx_word' id='word_1_96' title='bbox 501 1943 721 2013; x_wconf 69' lang='lat' dir='ltr'>intmoyctr&#39;om&#39;o</span> <span class='ocrx_word' id='word_1_97' title='bbox 728 1962 831 2013; x_wconf 79' lang='lat' dir='ltr'>ponem</span> <span class='ocrx_word' id='word_1_98' title='bbox 845 1945 930 2003; x_wconf 80' lang='lat' dir='ltr'>(Mur.</span> <span class='ocrx_word' id='word_1_99' title='bbox 945 1945 1032 1998; x_wconf 74' lang='lat' dir='ltr'>Rhea.</span> <span class='ocrx_word' id='word_1_100' title='bbox 1046 1947 1197 2002; x_wconf 84' lang='lat' dir='ltr'><em>XXXIV</em></span> <span class='ocrx_word' id='word_1_101' title='bbox 1205 1952 1304 2012; x_wconf 69' lang='lat' dir='ltr'>dodo).</span> 
     </span>
     <span class='ocr_line' id='line_1_16' title="bbox 172 2029 1306 2101; baseline 0.005 -18"><span class='ocrx_word' id='word_1_102' title='bbox 172 2029 222 2087; x_wconf 82' lang='lat' dir='ltr'>Vel</span> <span class='ocrx_word' id='word_1_103' title='bbox 241 2031 363 2084; x_wconf 62' lang='lat' dir='ltr'>innunt</span> <span class='ocrx_word' id='word_1_104' title='bbox 382 2029 497 2100; x_wconf 64' lang='lat' dir='ltr'>Madvig}</span> <span class='ocrx_word' id='word_1_105' title='bbox 516 2030 664 2083; x_wconf 70' lang='lat' dir='ltr'>Doederlein</span> <span class='ocrx_word' id='word_1_106' title='bbox 681 2029 775 2096; x_wconf 48' lang='lat' dir='ltr'>Jahn&amp;</span> <span class='ocrx_word' id='word_1_107' title='bbox 793 2036 826 2085; x_wconf 87' lang='lat' dir='ltr'>ut</span> <span class='ocrx_word' id='word_1_108' title='bbox 844 2031 948 2084; x_wconf 72' lang='lat' dir='ltr'>Murro</span> <span class='ocrx_word' id='word_1_109' title='bbox 965 2036 991 2084; x_wconf 85' lang='lat' dir='ltr'>et</span> <span class='ocrx_word' id='word_1_110' title='bbox 1008 2032 1110 2101; x_wconf 75' lang='lat' dir='ltr'>Meyer</span> <span class='ocrx_word' id='word_1_111' title='bbox 1129 2032 1177 2095; x_wconf 82' lang='lat' dir='ltr'>(ed.</span> <span class='ocrx_word' id='word_1_112' title='bbox 1192 2036 1229 2096; x_wconf 81' lang='grc'>4).</span> <span class='ocrx_word' id='word_1_113' title='bbox 1255 2039 1306 2089; x_wconf 83' lang='lat' dir='ltr'>aut</span> 
     </span>
     <span class='ocr_line' id='line_1_17' title="bbox 168 2116 1305 2186; baseline 0.002 -15"><span class='ocrx_word' id='word_1_114' title='bbox 168 2130 203 2171; x_wconf 78' lang='lat' dir='ltr'>re</span> <span class='ocrx_word' id='word_1_115' title='bbox 222 2116 387 2186; x_wconf 70' lang='lat' dir='ltr'>perniciora</span> <span class='ocrx_word' id='word_1_116' title='bbox 409 2121 543 2185; x_wconf 77' lang='lat' dir='ltr'>petantur</span> <span class='ocrx_word' id='word_1_117' title='bbox 568 2121 621 2172; x_wconf 85' lang='lat' dir='ltr'>oto.</span> <span class='ocrx_word' id='word_1_118' title='bbox 647 2116 802 2169; x_wconf 78' lang='lat' dir='ltr'>Lachmann</span> <span class='ocrx_word' id='word_1_119' title='bbox 829 2123 879 2172; x_wconf 85' lang='lat' dir='ltr'>aut</span> <span class='ocrx_word' id='word_1_120' title='bbox 905 2116 952 2171; x_wconf 92' lang='lat' dir='ltr'>vel</span> <span class='ocrx_word' id='word_1_121' title='bbox 979 2116 1142 2185; x_wconf 79' lang='lat' dir='ltr'>perniciora</span> <span class='ocrx_word' id='word_1_122' title='bbox 1167 2123 1305 2186; x_wconf 88' lang='lat' dir='ltr'>putantur</span> 
     </span>
     <span class='ocr_line' id='line_1_18' title="bbox 169 2201 1305 2271; baseline 0.003 -16"><span class='ocrx_word' id='word_1_123' title='bbox 169 2201 268 2271; x_wconf 64' lang='lat' dir='ltr'>loyor</span> <span class='ocrx_word' id='word_1_124' title='bbox 283 2202 383 2255; x_wconf 75' lang='lat' dir='ltr'>Jocm.</span> <span class='ocrx_word' id='word_1_125' title='bbox 397 2201 531 2271; x_wconf 73' lang='lat' dir='ltr'>‹aspiritot</span> <span class='ocrx_word' id='word_1_126' title='bbox 547 2210 613 2256; x_wconf 77' lang='lat'><em>1879</em></span> <span class='ocrx_word' id='word_1_127' title='bbox 627 2219 657 2270; x_wconf 81' lang='lat' dir='ltr'>p.</span> <span class='ocrx_word' id='word_1_128' title='bbox 670 2208 721 2255; x_wconf 78' lang='grc'>272</span> <span class='ocrx_word' id='word_1_129' title='bbox 739 2215 807 2270; x_wconf 80' lang='lat' dir='ltr'>ergo</span> <span class='ocrx_word' id='word_1_130' title='bbox 820 2216 999 2270; x_wconf 76' lang='lat' dir='ltr'>supervacua</span> <span class='ocrx_word' id='word_1_131' title='bbox 1011 2209 1061 2257; x_wconf 87' lang='lat' dir='ltr'>aut</span> <span class='ocrx_word' id='word_1_132' title='bbox 1073 2203 1129 2258; x_wconf 86' lang='lat' dir='ltr'>eibi</span> <span class='ocrx_word' id='word_1_133' title='bbox 1142 2203 1305 2270; x_wconf 87' lang='lat' dir='ltr'>pemicioea</span> 
     </span>
     <span class='ocr_line' id='line_1_19' title="bbox 167 2286 1304 2358; baseline 0 -16"><span class='ocrx_word' id='word_1_134' title='bbox 167 2295 268 2354; x_wconf 78' lang='lat' dir='ltr'>petunt</span> <span class='ocrx_word' id='word_1_135' title='bbox 283 2301 337 2342; x_wconf 88' lang='lat' dir='ltr'>nec</span> <span class='ocrx_word' id='word_1_136' title='bbox 354 2287 475 2356; x_wconf 85' lang='lat' dir='ltr'>Propter</span> <span class='ocrx_word' id='word_1_137' title='bbox 489 2316 525 2325; x_wconf 96' lang='lat'>—</span> <span class='ocrx_word' id='word_1_138' title='bbox 541 2287 658 2342; x_wconf 87' lang='lat' dir='ltr'>deorum</span> <span class='ocrx_word' id='word_1_139' title='bbox 679 2287 779 2341; x_wconf 73' lang='lat' dir='ltr'>Vahlen</span> <span class='ocrx_word' id='word_1_140' title='bbox 799 2286 902 2340; x_wconf 76' lang='lat' dir='ltr'>Vindio.</span> <span class='ocrx_word' id='word_1_141' title='bbox 916 2289 1010 2341; x_wconf 77' lang='lat' dir='ltr'>lucen.</span> <span class='ocrx_word' id='word_1_142' title='bbox 1025 2295 1102 2356; x_wconf 82' lang='lat' dir='ltr'>p.13</span> <span class='ocrx_word' id='word_1_143' title='bbox 1121 2303 1190 2357; x_wconf 77' lang='lat' dir='ltr'>ergo</span> <span class='ocrx_word' id='word_1_144' title='bbox 1208 2304 1304 2358; x_wconf 89' lang='lat' dir='ltr'>euper-</span> 
     </span>
    </p>
   </div>
   <div class='ocr_carea' id='block_1_4' title="bbox 167 2372 1305 2514">
    <p class='ocr_par' dir='ltr' id='par_1_6' title="bbox 167 2372 1305 2514">
     <span class='ocr_line' id='line_1_20' title="bbox 168 2372 1305 2442; baseline 0 -14"><span class='ocrx_word' id='word_1_145' title='bbox 168 2388 256 2428; x_wconf 75' lang='lat' dir='ltr'>neu</span> <span class='ocrx_word' id='word_1_146' title='bbox 277 2372 349 2429; x_wconf 64' lang='lat' dir='ltr'>hoec</span> <span class='ocrx_word' id='word_1_147' title='bbox 371 2379 422 2428; x_wconf 71' lang='lat' dir='ltr'>cut</span> <span class='ocrx_word' id='word_1_148' title='bbox 444 2374 495 2436; x_wconf 81' lang='lat' dir='ltr'>(uel</span> <span class='ocrx_word' id='word_1_149' title='bbox 517 2379 568 2429; x_wconf 81' lang='lat' dir='ltr'>aut</span> <span class='ocrx_word' id='word_1_150' title='bbox 590 2372 644 2440; x_wconf 84' lang='lat' dir='ltr'>vel,</span> <span class='ocrx_word' id='word_1_151' title='bbox 670 2379 720 2428; x_wconf 83' lang='lat' dir='ltr'>aut</span> <span class='ocrx_word' id='word_1_152' title='bbox 738 2375 774 2437; x_wconf 76' lang='lat' dir='ltr'>et)</span> <span class='ocrx_word' id='word_1_153' title='bbox 798 2372 961 2440; x_wconf 83' lang='lat' dir='ltr'>pamicioea</span> <span class='ocrx_word' id='word_1_154' title='bbox 979 2379 1116 2441; x_wconf 87' lang='lat' dir='ltr'>putentur</span> <span class='ocrx_word' id='word_1_155' title='bbox 1133 2372 1253 2442; x_wconf 87' lang='lat' dir='ltr'>Propter</span> <span class='ocrx_word' id='word_1_156' title='bbox 1270 2405 1305 2413; x_wconf 94' lang='lat'><em>-</em></span> 
     </span>
     <span class='ocr_line' id='line_1_21' title="bbox 167 2457 768 2514; baseline -0.005 -1"><span class='ocrx_word' id='word_1_157' title='bbox 167 2457 302 2513; x_wconf 78' lang='lat' dir='ltr'>deorum?</span> <span class='ocrx_word' id='word_1_158' title='bbox 322 2457 460 2512; x_wconf 67' lang='lat' dir='ltr'>Richards</span> <span class='ocrx_word' id='word_1_159' title='bbox 481 2460 564 2514; x_wconf 75' lang='lat' dir='ltr'>Clara</span> <span class='ocrx_word' id='word_1_160' title='bbox 578 2459 646 2512; x_wconf 76' lang='lat' dir='ltr'>Rev.</span> <span class='ocrx_word' id='word_1_161' title='bbox 660 2460 701 2511; x_wconf 90' lang='grc' dir='ltr'>ΙΙ</span> <span class='ocrx_word' id='word_1_162' title='bbox 709 2466 768 2513; x_wconf 74' lang='grc'>326.</span> 
     </span>
    </p>
   </div>
   <div class='ocr_carea' id='block_1_5' title="bbox 167 2594 1303 2823">
    <p class='ocr_par' dir='ltr' id='par_1_7' title="bbox 167 2594 1303 2823">
     <span class='ocr_line' id='line_1_22' title="bbox 269 2594 791 2665; baseline -0.002 -17"><span class='ocrx_word' id='word_1_163' title='bbox 269 2598 311 2648; x_wconf 77' lang='lat'>5⁰.</span> <span class='ocrx_word' id='word_1_164' title='bbox 348 2595 446 2651; x_wconf 77' lang='lat' dir='ltr'>Horat</span> <span class='ocrx_word' id='word_1_165' title='bbox 458 2595 531 2665; x_wconf 88' lang='lat' dir='ltr'>Epp.</span> <span class='ocrx_word' id='word_1_166' title='bbox 544 2594 574 2650; x_wconf 91' lang='lat'>11</span> <span class='ocrx_word' id='word_1_167' title='bbox 589 2599 612 2662; x_wconf 86' lang='lat'>1,</span> <span class='ocrx_word' id='word_1_168' title='bbox 626 2598 676 2648; x_wconf 82' lang='grc'>244</span> <span class='ocrx_word' id='word_1_169' title='bbox 694 2601 791 2651; x_wconf 84' lang='lat' dir='ltr'>unten.</span> 
     </span>
     <span class='ocr_line' id='line_1_23' title="bbox 266 2681 1303 2751; baseline 0.005 -18"><span class='ocrx_word' id='word_1_170' title='bbox 266 2682 309 2733; x_wconf 78' lang='lat'>52.</span> <span class='ocrx_word' id='word_1_171' title='bbox 345 2681 607 2751; x_wconf 74' lang='lat' dir='ltr'>HorctEpp.11,</span> <span class='ocrx_word' id='word_1_172' title='bbox 627 2684 659 2734; x_wconf 82' lang='lat'>68</span> <span class='ocrx_word' id='word_1_173' title='bbox 683 2682 826 2738; x_wconf 83' lang='lat' dir='ltr'>Fortunae</span> <span class='ocrx_word' id='word_1_174' title='bbox 851 2687 880 2737; x_wconf 88' lang='lat' dir='ltr'>te</span> <span class='ocrx_word' id='word_1_175' title='bbox 903 2697 1069 2751; x_wconf 77' lang='lat' dir='ltr'>responsare</span> <span class='ocrx_word' id='word_1_176' title='bbox 1094 2683 1234 2750; x_wconf 81' lang='lat' dir='ltr'>superbae</span> <span class='ocrx_word' id='word_1_177' title='bbox 1256 2684 1303 2738; x_wconf 89' lang='lat' dir='ltr'>Li·</span> 
     </span>
     <span class='ocr_line' id='line_1_24' title="bbox 167 2765 462 2823; baseline -0.007 -1"><span class='ocrx_word' id='word_1_178' title='bbox 167 2765 263 2823; x_wconf 79' lang='lat' dir='ltr'>berum</span> <span class='ocrx_word' id='word_1_179' title='bbox 280 2772 312 2823; x_wconf 84' lang='lat' dir='ltr'>et</span> <span class='ocrx_word' id='word_1_180' title='bbox 329 2773 462 2823; x_wconf 86' lang='lat' dir='ltr'>erectum.</span> 
     </span>
    </p>
   </div>
   <div class='ocr_carea' id='block_1_6' title="bbox 232 2903 902 2974">
    <p class='ocr_par' dir='ltr' id='par_1_8' title="bbox 232 2903 902 2974">
     <span class='ocr_line' id='line_1_25' title="bbox 232 2903 902 2974; baseline 0 -18"><span class='ocrx_word' id='word_1_181' title='bbox 232 2906 295 2959; x_wconf 77' lang='lat' dir='ltr'>ors.</span> <span class='ocrx_word' id='word_1_182' title='bbox 333 2903 428 2960; x_wconf 80' lang='lat' dir='ltr'>schol.</span> <span class='ocrx_word' id='word_1_183' title='bbox 440 2904 517 2959; x_wconf 83' lang='lat' dir='ltr'>Pero.</span> <span class='ocrx_word' id='word_1_184' title='bbox 531 2906 556 2971; x_wconf 98' lang='grc'>2,</span> <span class='ocrx_word' id='word_1_185' title='bbox 569 2905 601 2956; x_wconf 80' lang='grc'>33</span> <span class='ocrx_word' id='word_1_186' title='bbox 622 2908 693 2963; x_wconf 69' lang='lat' dir='ltr'>¹{cum</span> <span class='ocrx_word' id='word_1_187' title='bbox 710 2935 745 2943; x_wconf 94' lang='lat'><em>-</em></span> <span class='ocrx_word' id='word_1_188' title='bbox 763 2912 902 2974; x_wconf 66' lang='lat' dir='ltr'>unguem?⁸</span> 
     </span>
    </p>
   </div>
   <div class='ocr_carea' id='block_1_7' title="bbox 159 3042 1305 4392">
    <p class='ocr_par' dir='ltr' id='par_1_9' title="bbox 230 3042 590 3107">
     <span class='ocr_line' id='line_1_26' title="bbox 230 3042 590 3107; baseline -0.006 -13"><span class='ocrx_word' id='word_1_189' title='bbox 230 3043 273 3094; x_wconf 78' lang='lat' dir='ltr'>re.</span> <span class='ocrx_word' id='word_1_190' title='bbox 309 3042 417 3107; x_wconf 64' lang='lat' dir='ltr'>amm,</span> <span class='ocrx_word' id='word_1_191' title='bbox 436 3042 492 3095; x_wconf 69' lang='lat' dir='ltr'>ere</span> <span class='ocrx_word' id='word_1_192' title='bbox 512 3044 534 3107; x_wconf 92' lang='lat'>1,</span> <span class='ocrx_word' id='word_1_193' title='bbox 548 3043 590 3093; x_wconf 84' lang='lat' dir='ltr'>ao.</span> 
     </span>
    </p>

    <p class='ocr_par' dir='ltr' id='par_1_10' title="bbox 161 3123 1301 3366">
     <span class='ocr_line' id='line_1_27' title="bbox 229 3123 1301 3195; baseline 0.003 -17"><span class='ocrx_word' id='word_1_194' title='bbox 229 3128 272 3177; x_wconf 74' lang='lat'>5⁰.</span> <span class='ocrx_word' id='word_1_195' title='bbox 309 3143 446 3179; x_wconf 75' lang='lat' dir='ltr'>omeecm</span> <span class='ocrx_word' id='word_1_196' title='bbox 465 3126 493 3178; x_wconf 80' lang='lat' dir='ltr'>in</span> <span class='ocrx_word' id='word_1_197' title='bbox 507 3125 611 3195; x_wconf 81' lang='lat' dir='ltr'>patric.</span> <span class='ocrx_word' id='word_1_198' title='bbox 648 3126 756 3194; x_wconf 79' lang='lat' dir='ltr'>Schbpe</span> <span class='ocrx_word' id='word_1_199' title='bbox 774 3125 819 3181; x_wconf 82' lang='lat' dir='ltr'>nn</span> <span class='ocrx_word' id='word_1_200' title='bbox 838 3124 1014 3194; x_wconf 82' lang='lat' dir='ltr'>Dummkopf</span> <span class='ocrx_word' id='word_1_201' title='bbox 1029 3123 1096 3180; x_wconf 87' lang='lat' dir='ltr'>Otto</span> <span class='ocrx_word' id='word_1_202' title='bbox 1115 3125 1176 3194; x_wconf 87' lang='lat' dir='ltr'>Spr.</span> <span class='ocrx_word' id='word_1_203' title='bbox 1196 3140 1301 3181; x_wconf 82' lang='lat' dir='ltr'>vervex</span> 
     </span>
     <span class='ocr_line' id='line_1_28' title="bbox 164 3210 1301 3268; baseline 0 -1"><span class='ocrx_word' id='word_1_204' title='bbox 164 3211 221 3267; x_wconf 80' lang='lat' dir='ltr'>und</span> <span class='ocrx_word' id='word_1_205' title='bbox 250 3227 286 3267; x_wconf 74' lang='lat' dir='ltr'>ru</span> <span class='ocrx_word' id='word_1_206' title='bbox 308 3211 421 3266; x_wconf 77' lang='lat' dir='ltr'>Patron.</span> <span class='ocrx_word' id='word_1_207' title='bbox 442 3213 482 3263; x_wconf 77' lang='lat'>57.</span> <span class='ocrx_word' id='word_1_208' title='bbox 524 3210 641 3267; x_wconf 85' lang='lat' dir='ltr'>Abdera</span> <span class='ocrx_word' id='word_1_209' title='bbox 664 3228 722 3267; x_wconf 83' lang='lat' dir='ltr'>war</span> <span class='ocrx_word' id='word_1_210' title='bbox 746 3213 797 3267; x_wconf 90' lang='lat' dir='ltr'>der</span> <span class='ocrx_word' id='word_1_211' title='bbox 820 3211 990 3268; x_wconf 85' lang='lat' dir='ltr'>Geburteort</span> <span class='ocrx_word' id='word_1_212' title='bbox 1015 3211 1087 3266; x_wconf 85' lang='lat' dir='ltr'>anch</span> <span class='ocrx_word' id='word_1_213' title='bbox 1111 3212 1230 3266; x_wconf 81' lang='lat' dir='ltr'>auderet</span> <span class='ocrx_word' id='word_1_214' title='bbox 1253 3212 1301 3267; x_wconf 91' lang='lat' dir='ltr'>be-</span> 
     </span>
     <span class='ocr_line' id='line_1_29' title="bbox 161 3296 1301 3366; baseline -0.003 -13"><span class='ocrx_word' id='word_1_215' title='bbox 161 3296 320 3353; x_wconf 75' lang='lat' dir='ltr'>deutcnder</span> <span class='ocrx_word' id='word_1_216' title='bbox 335 3296 458 3362; x_wconf 65' lang='lat' dir='ltr'>muner,</span> <span class='ocrx_word' id='word_1_217' title='bbox 477 3297 532 3352; x_wconf 84' lang='lat' dir='ltr'>vie</span> <span class='ocrx_word' id='word_1_218' title='bbox 550 3297 601 3352; x_wconf 86' lang='lat' dir='ltr'>dee</span> <span class='ocrx_word' id='word_1_219' title='bbox 612 3298 784 3366; x_wconf 78' lang='lat' dir='ltr'>Protagorae</span> <span class='ocrx_word' id='word_1_220' title='bbox 803 3298 869 3352; x_wconf 57' lang='lat' dir='ltr'>und,</span> <span class='ocrx_word' id='word_1_221' title='bbox 879 3298 929 3352; x_wconf 88' lang='lat' dir='ltr'>dee</span> <span class='ocrx_word' id='word_1_222' title='bbox 942 3296 1120 3352; x_wconf 77' lang='lat' dir='ltr'>Historilroro</span> <span class='ocrx_word' id='word_1_223' title='bbox 1133 3298 1301 3353; x_wconf 77' lang='lat' dir='ltr'>Hecataeus.</span> 
     </span>
    </p>

    <p class='ocr_par' dir='ltr' id='par_1_11' title="bbox 161 3383 1303 3622">
     <span class='ocr_line' id='line_1_30' title="bbox 228 3383 1303 3453; baseline 0.002 -17"><span class='ocrx_word' id='word_1_224' title='bbox 228 3400 371 3452; x_wconf 66' lang='grc' dir='ltr'><strong><em>σωοφυσ</em></strong></span> <span class='ocrx_word' id='word_1_225' title='bbox 387 3383 436 3436; x_wconf 76' lang='lat' dir='ltr'>aad</span> <span class='ocrx_word' id='word_1_226' title='bbox 454 3401 523 3437; x_wconf 79' lang='lat' dir='ltr'>cere.</span> <span class='ocrx_word' id='word_1_227' title='bbox 559 3384 626 3438; x_wconf 86' lang='lat' dir='ltr'>Hor.</span> <span class='ocrx_word' id='word_1_228' title='bbox 638 3383 710 3453; x_wconf 89' lang='lat' dir='ltr'>Epp.</span> <span class='ocrx_word' id='word_1_229' title='bbox 725 3383 754 3439; x_wconf 89' lang='lat'>11</span> <span class='ocrx_word' id='word_1_230' title='bbox 770 3386 791 3449; x_wconf 88' lang='grc'>1,</span> <span class='ocrx_word' id='word_1_231' title='bbox 805 3384 855 3434; x_wconf 85' lang='grc'>244</span> <span class='ocrx_word' id='word_1_232' title='bbox 873 3383 1012 3437; x_wconf 89' lang='lat' dir='ltr'>Boeotum</span> <span class='ocrx_word' id='word_1_233' title='bbox 1030 3384 1061 3438; x_wconf 90' lang='lat' dir='ltr'>in</span> <span class='ocrx_word' id='word_1_234' title='bbox 1080 3399 1176 3439; x_wconf 87' lang='lat' dir='ltr'>oraeeo</span> <span class='ocrx_word' id='word_1_235' title='bbox 1195 3385 1303 3440; x_wconf 78' lang='lat' dir='ltr'>iurares</span> 
     </span>
     <span class='ocr_line' id='line_1_31' title="bbox 161 3467 1302 3538; baseline 0.001 -14"><span class='ocrx_word' id='word_1_236' title='bbox 161 3482 226 3525; x_wconf 73' lang='lat' dir='ltr'>nere</span> <span class='ocrx_word' id='word_1_237' title='bbox 252 3476 359 3524; x_wconf 70' lang='lat' dir='ltr'>netum.</span> <span class='ocrx_word' id='word_1_238' title='bbox 404 3467 463 3524; x_wconf 82' lang='lat' dir='ltr'>Cio.</span> <span class='ocrx_word' id='word_1_239' title='bbox 482 3468 545 3523; x_wconf 82' lang='lat' dir='ltr'>Nat</span> <span class='ocrx_word' id='word_1_240' title='bbox 566 3468 591 3522; x_wconf 94' lang='lat' dir='ltr'>d.</span> <span class='ocrx_word' id='word_1_241' title='bbox 611 3468 624 3521; x_wconf 94' lang='lat'>1</span> <span class='ocrx_word' id='word_1_242' title='bbox 646 3470 694 3520; x_wconf 78' lang='lat'>120</span> <span class='ocrx_word' id='word_1_243' title='bbox 721 3468 815 3538; x_wconf 85' lang='lat' dir='ltr'>patria</span> <span class='ocrx_word' id='word_1_244' title='bbox 842 3468 999 3524; x_wconf 85' lang='lat' dir='ltr'>Democriti</span> <span class='ocrx_word' id='word_1_245' title='bbox 1027 3485 1111 3538; x_wconf 87' lang='lat' dir='ltr'>quam</span> <span class='ocrx_word' id='word_1_246' title='bbox 1137 3470 1302 3525; x_wconf 82' lang='lat' dir='ltr'>Democrito</span> 
     </span>
     <span class='ocr_line' id='line_1_32' title="bbox 162 3552 303 3622; baseline -0.028 -13"><span class='ocrx_word' id='word_1_247' title='bbox 162 3552 303 3622; x_wconf 71' lang='lat' dir='ltr'>digniore.</span> 
     </span>
    </p>

    <p class='ocr_par' dir='ltr' id='par_1_12' title="bbox 160 3638 1303 3880">
     <span class='ocr_line' id='line_1_33' title="bbox 228 3638 1302 3710; baseline 0 -19"><span class='ocrx_word' id='word_1_248' title='bbox 228 3642 272 3691; x_wconf 74' lang='lat'>5³.</span> <span class='ocrx_word' id='word_1_249' title='bbox 301 3642 437 3710; x_wconf 74' lang='lat' dir='ltr'>fortunae</span> <span class='ocrx_word' id='word_1_250' title='bbox 464 3639 603 3692; x_wconf 80' lang='lat' dir='ltr'>manderet</span> <span class='ocrx_word' id='word_1_251' title='bbox 629 3640 759 3707; x_wconf 66' lang='lat' dir='ltr'>boccona</span> <span class='ocrx_word' id='word_1_252' title='bbox 805 3638 890 3708; x_wconf 79' lang='lat' dir='ltr'>Apul.</span> <span class='ocrx_word' id='word_1_253' title='bbox 911 3640 975 3694; x_wconf 80' lang='lat' dir='ltr'>Met.</span> <span class='ocrx_word' id='word_1_254' title='bbox 995 3639 1039 3694; x_wconf 86' lang='lat' dir='ltr'>IX</span> <span class='ocrx_word' id='word_1_255' title='bbox 1057 3642 1090 3691; x_wconf 81' lang='grc'>36</span> <span class='ocrx_word' id='word_1_256' title='bbox 1117 3639 1302 3707; x_wconf 79' lang='lat' dir='ltr'>suspendium</span> 
     </span>
     <span class='ocr_line' id='line_1_34' title="bbox 160 3723 1303 3792; baseline -0.003 -11"><span class='ocrx_word' id='word_1_257' title='bbox 160 3738 222 3781; x_wconf 69' lang='grc' dir='ltr'>κιο</span> <span class='ocrx_word' id='word_1_258' title='bbox 240 3734 271 3780; x_wconf 79' lang='lat' dir='ltr'>et</span> <span class='ocrx_word' id='word_1_259' title='bbox 288 3725 361 3780; x_wconf 77' lang='lat' dir='ltr'>totio</span> <span class='ocrx_word' id='word_1_260' title='bbox 378 3723 438 3780; x_wconf 84' lang='lat' dir='ltr'>illie</span> <span class='ocrx_word' id='word_1_261' title='bbox 455 3730 485 3779; x_wconf 87' lang='lat' dir='ltr'>ot</span> <span class='ocrx_word' id='word_1_262' title='bbox 503 3725 575 3792; x_wconf 85' lang='lat' dir='ltr'>ipeie</span> <span class='ocrx_word' id='word_1_263' title='bbox 593 3723 705 3792; x_wconf 79' lang='lat' dir='ltr'>legibue</span> <span class='ocrx_word' id='word_1_264' title='bbox 717 3723 859 3779; x_wconf 87' lang='lat' dir='ltr'>mandare.</span> <span class='ocrx_word' id='word_1_265' title='bbox 883 3723 975 3779; x_wconf 85' lang='lat' dir='ltr'>Plant.</span> <span class='ocrx_word' id='word_1_266' title='bbox 988 3724 1064 3779; x_wconf 79' lang='lat' dir='ltr'>Pero.</span> <span class='ocrx_word' id='word_1_267' title='bbox 1077 3723 1104 3778; x_wconf 84' lang='lat' dir='ltr'>V</span> <span class='ocrx_word' id='word_1_268' title='bbox 1117 3727 1141 3789; x_wconf 89' lang='grc'>2,</span> <span class='ocrx_word' id='word_1_269' title='bbox 1154 3727 1186 3775; x_wconf 83' lang='grc'>34</span> <span class='ocrx_word' id='word_1_270' title='bbox 1206 3724 1303 3778; x_wconf 77' lang='lat' dir='ltr'>restim</span> 
     </span>
     <span class='ocr_line' id='line_1_35' title="bbox 161 3810 761 3880; baseline -0.008 -14"><span class='ocrx_word' id='word_1_271' title='bbox 161 3820 192 3865; x_wconf 75' lang='lat' dir='ltr'>tu</span> <span class='ocrx_word' id='word_1_272' title='bbox 209 3810 267 3866; x_wconf 84' lang='lat' dir='ltr'>tibi</span> <span class='ocrx_word' id='word_1_273' title='bbox 283 3826 357 3880; x_wconf 76' lang='lat' dir='ltr'>cepa</span> <span class='ocrx_word' id='word_1_274' title='bbox 375 3826 500 3866; x_wconf 72' lang='lat' dir='ltr'>croceum</span> <span class='ocrx_word' id='word_1_275' title='bbox 517 3817 547 3865; x_wconf 89' lang='lat' dir='ltr'>et</span> <span class='ocrx_word' id='word_1_276' title='bbox 564 3810 707 3878; x_wconf 76' lang='lat' dir='ltr'>suspende</span> <span class='ocrx_word' id='word_1_277' title='bbox 725 3815 761 3865; x_wconf 91' lang='lat' dir='ltr'>te.</span> 
     </span>
    </p>

    <p class='ocr_par' dir='ltr' id='par_1_13' title="bbox 159 3892 1302 4221">
     <span class='ocr_line' id='line_1_36' title="bbox 227 3892 1302 3966; baseline -0.003 -17"><span class='ocrx_word' id='word_1_278' title='bbox 227 3896 399 3966; x_wconf 69' lang='lat' dir='ltr'>mediumque</span> <span class='ocrx_word' id='word_1_279' title='bbox 416 3896 565 3950; x_wconf 75' lang='lat' dir='ltr'>ortorederet</span> <span class='ocrx_word' id='word_1_280' title='bbox 583 3913 703 3965; x_wconf 70' lang='lat' dir='ltr'>unyucm.</span> <span class='ocrx_word' id='word_1_281' title='bbox 729 3894 821 3950; x_wconf 81' lang='lat' dir='ltr'>schol.</span> <span class='ocrx_word' id='word_1_282' title='bbox 842 3893 938 3949; x_wconf 77' lang='lat' dir='ltr'>infami</span> <span class='ocrx_word' id='word_1_283' title='bbox 958 3894 1052 3964; x_wconf 76' lang='lat' dir='ltr'>digito</span> <span class='ocrx_word' id='word_1_284' title='bbox 1070 3895 1152 3957; x_wconf 74' lang='lat' dir='ltr'>(Pero.</span> <span class='ocrx_word' id='word_1_285' title='bbox 1167 3895 1190 3951; x_wconf 82' lang='lat'>2.</span> <span class='ocrx_word' id='word_1_286' title='bbox 1204 3896 1236 3943; x_wconf 77' lang='lat'>3³</span> <span class='ocrx_word' id='word_1_287' title='bbox 1250 3892 1302 3946; x_wconf 86' lang='lat' dir='ltr'>mit</span> 
     </span>
     <span class='ocr_line' id='line_1_37' title="bbox 160 3977 1302 4051; baseline -0.004 -16"><span class='ocrx_word' id='word_1_288' title='bbox 160 3978 251 4036; x_wconf 72' lang='lat' dir='ltr'>Jeme</span> <span class='ocrx_word' id='word_1_289' title='bbox 262 3979 459 4051; x_wconf 77' lang='lat' dir='ltr'>Anmerirung)</span> <span class='ocrx_word' id='word_1_290' title='bbox 473 3982 500 4037; x_wconf 88' lang='lat' dir='ltr'>ei</span> <span class='ocrx_word' id='word_1_291' title='bbox 512 3981 635 4050; x_wconf 88' lang='lat' dir='ltr'>turpiter</span> <span class='ocrx_word' id='word_1_292' title='bbox 648 3980 816 4036; x_wconf 81' lang='lat' dir='ltr'>insultabat:</span> <span class='ocrx_word' id='word_1_293' title='bbox 836 3981 892 4048; x_wconf 78' lang='lat' dir='ltr'>vgl.</span> <span class='ocrx_word' id='word_1_294' title='bbox 906 3996 940 4034; x_wconf 82' lang='lat' dir='ltr'>uu</span> <span class='ocrx_word' id='word_1_295' title='bbox 953 3980 1032 4034; x_wconf 76' lang='lat' dir='ltr'>Mart</span> <span class='ocrx_word' id='word_1_296' title='bbox 1047 3979 1076 4033; x_wconf 91' lang='lat'>11</span> <span class='ocrx_word' id='word_1_297' title='bbox 1090 3981 1131 4043; x_wconf 81' lang='lat'>28,</span> <span class='ocrx_word' id='word_1_298' title='bbox 1148 3980 1158 4029; x_wconf 92' lang='lat'><em>1</em></span> <span class='ocrx_word' id='word_1_299' title='bbox 1180 3977 1302 4046; x_wconf 75' lang='lat' dir='ltr'>digitum</span> 
     </span>
     <span class='ocr_line' id='line_1_38' title="bbox 160 4062 1302 4135; baseline -0.004 -13"><span class='ocrx_word' id='word_1_300' title='bbox 160 4066 302 4135; x_wconf 71' lang='lat' dir='ltr'>porrigito</span> <span class='ocrx_word' id='word_1_301' title='bbox 319 4067 452 4123; x_wconf 82' lang='lat' dir='ltr'>medium.</span> <span class='ocrx_word' id='word_1_302' title='bbox 483 4066 536 4123; x_wconf 78' lang='lat' dir='ltr'>Ale</span> <span class='ocrx_word' id='word_1_303' title='bbox 555 4067 679 4123; x_wconf 83' lang='lat' dir='ltr'>obeottne</span> <span class='ocrx_word' id='word_1_304' title='bbox 698 4066 827 4121; x_wconf 73' lang='lat' dir='ltr'>Gebbrde</span> <span class='ocrx_word' id='word_1_305' title='bbox 846 4065 918 4120; x_wconf 86' lang='lat' dir='ltr'>auch</span> <span class='ocrx_word' id='word_1_306' title='bbox 936 4081 985 4119; x_wconf 84' lang='lat' dir='ltr'>aur</span> <span class='ocrx_word' id='word_1_307' title='bbox 1003 4063 1126 4119; x_wconf 87' lang='lat' dir='ltr'>Abvehr</span> <span class='ocrx_word' id='word_1_308' title='bbox 1145 4063 1195 4118; x_wconf 87' lang='lat' dir='ltr'>dee</span> <span class='ocrx_word' id='word_1_309' title='bbox 1213 4062 1302 4119; x_wconf 81' lang='lat' dir='ltr'>bboen</span> 
     </span>
     <span class='ocr_line' id='line_1_39' title="bbox 159 4148 1166 4221; baseline -0.007 -14"><span class='ocrx_word' id='word_1_310' title='bbox 159 4148 273 4207; x_wconf 73' lang='lat' dir='ltr'>Riieker</span> <span class='ocrx_word' id='word_1_311' title='bbox 290 4152 459 4221; x_wconf 72' lang='lat' dir='ltr'>gebraucht:</span> <span class='ocrx_word' id='word_1_312' title='bbox 480 4150 511 4206; x_wconf 89' lang='grc'>0.</span> <span class='ocrx_word' id='word_1_313' title='bbox 529 4152 605 4207; x_wconf 83' lang='lat' dir='ltr'>Jahn</span> <span class='ocrx_word' id='word_1_314' title='bbox 623 4151 683 4207; x_wconf 90' lang='lat' dir='ltr'>Ber.</span> <span class='ocrx_word' id='word_1_315' title='bbox 704 4152 729 4206; x_wconf 92' lang='lat' dir='ltr'>d.</span> <span class='ocrx_word' id='word_1_316' title='bbox 749 4151 838 4206; x_wconf 74' lang='lat' dir='ltr'>siche.</span> <span class='ocrx_word' id='word_1_317' title='bbox 858 4150 922 4206; x_wconf 80' lang='lat' dir='ltr'>Ger.</span> <span class='ocrx_word' id='word_1_318' title='bbox 945 4153 983 4201; x_wconf 81' lang='grc' dir='ltr'>Π.</span> <span class='ocrx_word' id='word_1_319' title='bbox 995 4149 1076 4205; x_wconf 84' lang='lat' dir='ltr'>Febr.</span> <span class='ocrx_word' id='word_1_320' title='bbox 1092 4152 1166 4202; x_wconf 81' lang='lat'><strong>1855.</strong></span> 
     </span>
    </p>

    <p class='ocr_par' dir='ltr' id='par_1_14' title="bbox 159 4234 1305 4392">
     <span class='ocr_line' id='line_1_40' title="bbox 227 4234 1305 4295; baseline 0 -4"><span class='ocrx_word' id='word_1_321' title='bbox 227 4240 270 4291; x_wconf 77' lang='grc'>54.</span> <span class='ocrx_word' id='word_1_322' title='bbox 289 4241 331 4293; x_wconf 75' lang='grc'>55.</span> <span class='ocrx_word' id='word_1_323' title='bbox 369 4238 444 4295; x_wconf 77' lang='lat' dir='ltr'>Dm</span> <span class='ocrx_word' id='word_1_324' title='bbox 461 4238 512 4293; x_wconf 89' lang='lat' dir='ltr'>dor</span> <span class='ocrx_word' id='word_1_325' title='bbox 524 4238 669 4293; x_wconf 88' lang='lat' dir='ltr'>Wortlaut</span> <span class='ocrx_word' id='word_1_326' title='bbox 686 4237 737 4292; x_wconf 87' lang='lat' dir='ltr'>dee</span> <span class='ocrx_word' id='word_1_327' title='bbox 755 4243 849 4292; x_wconf 88' lang='lat' dir='ltr'>ereten</span> <span class='ocrx_word' id='word_1_328' title='bbox 861 4235 965 4292; x_wconf 87' lang='lat' dir='ltr'>Vereee</span> <span class='ocrx_word' id='word_1_329' title='bbox 983 4235 1062 4290; x_wconf 88' lang='lat' dir='ltr'>nicht</span> <span class='ocrx_word' id='word_1_330' title='bbox 1080 4236 1133 4290; x_wconf 88' lang='lat' dir='ltr'>mit</span> <span class='ocrx_word' id='word_1_331' title='bbox 1145 4234 1305 4291; x_wconf 86' lang='lat' dir='ltr'>Sicbarhait</span> 
     </span>
     <span class='ocr_line' id='line_1_41' title="bbox 159 4320 1304 4392; baseline -0.003 -12"><span class='ocrx_word' id='word_1_332' title='bbox 159 4320 352 4381; x_wconf 71' lang='lat' dir='ltr'>hammum</span> <span class='ocrx_word' id='word_1_333' title='bbox 377 4325 427 4389; x_wconf 82' lang='lat' dir='ltr'>iet,</span> <span class='ocrx_word' id='word_1_334' title='bbox 452 4324 564 4392; x_wconf 77' lang='lat' dir='ltr'>orgiebt</span> <span class='ocrx_word' id='word_1_335' title='bbox 587 4323 649 4378; x_wconf 81' lang='lat' dir='ltr'>sich</span> <span class='ocrx_word' id='word_1_336' title='bbox 673 4339 725 4379; x_wconf 80' lang='lat' dir='ltr'>aue</span> <span class='ocrx_word' id='word_1_337' title='bbox 748 4323 799 4377; x_wconf 90' lang='lat' dir='ltr'>der</span> <span class='ocrx_word' id='word_1_338' title='bbox 823 4336 941 4391; x_wconf 77' lang='lat' dir='ltr'>gromen</span> <span class='ocrx_word' id='word_1_339' title='bbox 959 4322 1069 4377; x_wconf 85' lang='lat' dir='ltr'>Anzahl</span> <span class='ocrx_word' id='word_1_340' title='bbox 1093 4322 1143 4378; x_wconf 90' lang='lat' dir='ltr'>der</span> <span class='ocrx_word' id='word_1_341' title='bbox 1166 4322 1238 4377; x_wconf 77' lang='lat' dir='ltr'>darn</span> <span class='ocrx_word' id='word_1_342' title='bbox 1256 4336 1304 4391; x_wconf 80' lang='lat' dir='ltr'>go·</span> 
     </span>
    </p>
   </div>
   <div class='ocr_carea' id='block_1_8' title="bbox 0 0 1470 4986">
    <p class='ocr_par' dir='ltr' id='par_1_15' title="bbox 0 0 1470 4986">
     <span class='ocr_line' id='line_1_42' title="bbox 0 0 1470 4986; baseline 0 1"><span class='ocrx_word' id='word_1_343' title='bbox 0 0 1470 4986; x_wconf 95' lang='lat' dir='ltr'> </span> 
     </span>
    </p>
   </div>
  </div>
 </body>
</html>
