2932 4986
163 331 226 394 530
570 326 715 382 luvenalis
733 331 889 381 saturarum

250 520 399 583 quaeque
421 505 574 565 coronata
596 499 726 565 lustrari
748 497 868 564 debeat
889 518 984 581 agna.

251 613 417 696 egregium
440 617 652 693 sanctumque
674 611 779 675 virum
802 610 830 675 si
853 628 957 691 cerno,
980 610 1151 675 bimembri

187 731 225 787 65
248 724 312 789 hoc
332 730 509 789 monstrum
531 742 633 808 puero
655 723 709 787 vel
731 720 888 787 mirandis
910 720 970 786 sub
993 729 1100 787 aratro

248 836 391 920 piscibus
413 835 554 900 inventis
576 841 609 899 et
631 834 719 899 fetae
741 851 891 916 comparo
913 834 1031 913 mulae,

249 948 415 1029 sollicitus,
438 954 602 1028 tamquam
625 944 755 1029 lapides
777 943 930 1010 effuderit
951 945 1055 1011 imber

249 1077 449 1140 examenque
471 1060 580 1143 apium
603 1057 703 1140 longa
723 1056 906 1123 consederit
928 1075 993 1121 uva

248 1171 388 1236 eulmine
411 1169 547 1252 delubri,
571 1177 736 1252 tamquam
758 1170 792 1233 in
813 1188 903 1233 mure
924 1168 1056 1233 fluxerit
1076 1171 1182 1235 amnis

187 1291 224 1345 70
247 1283 430 1367 gurgitibus
453 1283 544 1347 miris
568 1289 601 1346 et
622 1281 717 1346 lactis
739 1281 861 1346 vertice
884 1286 1017 1346 torrens.

291 1395 473 1478 intercepta
495 1392 609 1459 decem
632 1393 776 1474 quereris
799 1394 951 1457 sestertia
973 1390 1089 1457 fraude

249 1507 418 1589 sacrilega.
465 1505 544 1588 quid
566 1506 595 1570 si
617 1504 668 1569 bis
691 1510 820 1569 centnm
842 1502 985 1588 perdidit
1007 1505 1089 1569 alter

248 1619 309 1683 hoo
331 1639 452 1684 arcana
473 1616 593 1682 modo?
639 1617 793 1681 maiorem
816 1616 931 1681 tertius
952 1614 1011 1680 illa

248 1750 413 1811 summam,
439 1750 536 1811 quam
559 1730 691 1813 patulae
713 1728 769 1792 vix
791 1735 923 1811 ceperat
945 1729 1084 1810 angulus
1106 1728 1231 1793 areae?

186 1852 223 1906 75
248 1851 314 1909 tam
336 1842 432 1907 facile
456 1849 489 1906 ct
510 1860 645 1924 pronum
669 1848 719 1905 est
740 1858 875 1923 superos
898 1846 1102 1904 contemnere
1125 1849 1234 1921 testes,

247 1958 275 2020 si
297 1954 443 2019 mortalis
465 1952 551 2017 idem
573 1971 667 2016 nemo
690 1951 780 2016 sciat.
825 1952 935 2034 aspice
958 1958 1081 2032 quanta

248 2086 326 2131 vooe
348 2073 456 2149 neget,
480 2084 562 2146 quae
585 2064 626 2127 sit
647 2064 712 2129 fieti
736 2063 917 2128 constantia
938 2063 1056 2129 vultus.

247 2197 306 2260 per
329 2177 415 2241 Solis
438 2176 547 2241 radios
571 2176 778 2258 Tarpeiaque
802 2175 938 2240 fulmina
958 2175 1046 2239 iurat

264 2369 305 2416 bs.
341 2364 387 2419 vel
402 2380 454 2432 ps:
481 2370 510 2419 et
527 2365 554 2417 P
569 2367 600 2416 ul
618 2363 724 2416 vu'detur
741 2368 767 2416 et
784 2384 813 2429 ω,
832 2363 881 2432 qai
895 2363 1061 2433 principiam
1081 2383 1170 2418 cereas
1181 2367 1295 2437 sociam

161 2453 203 2508 Ut.
240 2451 376 2507 mirandis
395 2452 430 2504 P:
449 2451 564 2505 miranti
583 2450 631 2513 (ito
648 2454 678 2516 ω)
698 2454 754 2502 tam
771 2450 901 2505 mirantis
913 2450 987 2521 jecit
1000 2468 1030 2519 p.

264 2541 303 2588 70.
339 2538 426 2602 miris]
444 2537 537 2591 niveis
550 2537 595 2590 vel
608 2537 697 2604 nigris
711 2537 843 2589 Schrader
860 2536 953 2592 rubris
965 2538 1063 2589 Jacobs
1081 2539 1177 2593 miniis
1191 2540 1294 2592 Porsen

162 2627 265 2679 Scholia
282 2621 355 2693 pulo
374 2619 451 2678 diris'
471 2623 620 2675 Boosoura

166 2724 361 2734 ——-

161 2765 333 2831 Haruspices
350 2761 526 2830 iestgestellt
552 2761 599 2815 die
618 2760 690 2815 auch
714 2761 857 2830 angeben,
882 2761 988 2817 welche
1012 2761 1111 2817 thter
1135 2763 1181 2818 ein
1205 2762 1294 2818 86466-

161 2850 240 2919 opier
259 2855 293 2913 (v.
307 2852 348 2909 63)
366 2848 539 2916 verlangten.
569 2846 636 2902 StV.
650 2847 694 2901 Ill
709 2848 756 2897 ret
778 2864 803 2901 n.
817 2848 874 2898 413.

229 2939 307 2991 6466.
343 2936 399 2990 Die
418 2933 611 2988 simmtlichen
629 2933 690 2987 hier
712 2933 873 2987 erwdhnten
890 2932 1045 3000 Prodigien
1069 2933 1199 2987 kommen
1223 2934 1295 2989 diter

160 3022 233 3077 auch
245 3023 291 3077 bei
304 3022 404 3076 Livius
416 3021 474 3075 und
487 3020 593 3074 andern
606 3035 664 3073 vor.
688 3018 748 3072 Liv.
762 3018 832 3071 XXI
849 3021 879 3069 12
891 3019 990 3086 biceps
1007 3034 1084 3086 pner.
1099 3019 1139 3072 ld.
1153 3020 1294 3075 XXXXII

161 3112 213 3175 2‚5
233 3110 263 3162 in
282 3108 393 3163 Gallico
412 3122 481 3174 agro
500 3121 556 3174 qua
575 3105 756 3159 induceretur
774 3109 905 3170 aratrum,
924 3104 976 3158 sub
995 3105 1183 3160 existentibus
1201 3108 1294 3174 glebis

160 3197 254 3263 pisces
272 3194 425 3248 emersisse.
462 3192 532 3244 Plin.
547 3192 578 3246 N.
592 3191 617 3243 b.
632 3190 703 3244 Vlll
720 3192 766 3240 173
786 3197 830 3244 est
849 3191 878 3243 in
897 3191 1047 3245 annalibus
1065 3192 1170 3246 nostris
1191 3193 1289 3247 'mulas

160 3280 304 3349 peperisse
324 3294 417 3345 saepe,
437 3293 533 3332 rernm
552 3277 678 3345 prodigii
697 3275 760 3329 loco
779 3275 913 3330 habitum.
945 3275 1003 3330 Cic.
1016 3277 1080 3330 Div.
1095 3277 1123 3330 ll
1136 3279 1166 3328 61
1182 3280 1294 3347 sapien-

160 3375 215 3419 tem
234 3379 295 3418 esse
315 3371 475 3432 portentum
494 3369 544 3417 est
581 3362 702 3429 Saepius
714 3362 788 3416 enim
802 3363 904 3416 mulam
918 3364 1063 3430 peperisse
1076 3362 1198 3418 arbitror
1210 3380 1294 3433 qnam

160 3451 316 3518 sapientem
334 3446 430 3503 fuisse.
466 3449 526 3502 Liv.
541 3448 638 3502 XXVI
651 3450 726 3513 23,5
751 3454 804 3502 etc.
848 3448 1015 3517 Steinregen
1043 3450 1110 3503 ibid.
1131 3450 1190 3503 und
1213 3450 1293 3505 diter.

159 3537 230 3591 Plin.
243 3536 275 3590 ll.
289 3536 314 3588 b.
328 3535 369 3589 Xl
383 3537 415 3584 55
435 3537 520 3603 (apest
539 3542 651 3589 ostenta
669 3533 778 3588 iaciunt
789 3564 823 3572 —
842 3551 898 3588 nra
917 3535 1095 3604 dependente
1114 3536 1144 3588 in
1162 3535 1294 3591 domibus

160 3622 336 3691 templisque.
356 3635 441 3688 saepo
460 3621 577 3688 expiata
594 3621 706 3687 magnis
724 3621 875 3675 eventibus
895 3625 959 3683 (uva
971 3637 1036 3675 vom
1048 3621 1294 3677 llienenschwarm

159 3709 243 3778 Verg.
254 3707 355 3775 Georg.
367 3706 407 3761 IV
421 3709 492 3771 5585
510 3706 576 3761 Tac.
590 3705 624 3760 A.
638 3707 693 3760 Xll
709 3709 741 3757 64
755 3723 872 3762 eramen
886 3707 988 3775 apium.
1013 3707 1074 3760 Liv.
1088 3708 1214 3762 XXXIV
1227 3711 1292 3767 467

159 3796 321 3850 nuntiatum
339 3799 382 3848 est
404 3794 476 3847 Nare
496 3794 569 3847 amni
594 3792 639 3847 lac
662 3792 777 3848 fluxisse
801 3802 834 3846 tv.
855 3796 887 3842 76
909 3792 1008 3860 gebbrt
1034 3793 1111 3845 laclia
1133 3811 1168 3848 zu
1190 3795 1294 3850 beiden

158 3880 329 3941 Ablatiren}.

228 3969 268 4018 rt.
305 3967 417 4034 aepulas
435 3983 520 4025 arcae.
539 3965 586 4020 die
605 3965 650 4020 bis
669 3967 699 4020 in
717 3966 764 4020 die
782 3965 879 4020 Eclren
897 3964 1017 4032 gessillte
1035 3963 1129 4019 Cusse.

227 4056 269 4106 75.
299 4052 388 4124 saeile
406 4057 432 4105 ct
446 4070 565 4122 ponam
583 4057 622 4105 est
640 4053 693 4106 wie
712 4054 736 4117 9,
750 4055 790 4104 43.
827 4056 989 4104 watearrrerc
1008 4051 1065 4117 vgl.
1086 4054 1109 4116 3,
1125 4053 1180 4103 145.

227 4141 336 4189 66-63.
362 4138 426 4206 Vgl.
440 4137 521 4193 Ouid.
534 4138 596 4193 Am.
611 4139 654 4192 lll
668 4141 692 4203 3,
703 4140 804 4190 27-36
822 4137 906 4192 nobis
919 4134 1031 4190 fatifero
1043 4136 1155 4191 Mavors
1167 4138 1293 4205 accingi·

158 4231 204 4278 tnr
230 4240 308 4279 ense:
336 4225 395 4279 Nos
419 4226 492 4293 petit
519 4226 627 4280 invicta
644 4224 771 4280 Palladis
797 4224 879 4278 hasta
905 4238 996 4277 mann.
1037 4222 1126 4276 Nobis
1153 4221 1293 4277 flexibiles

158 4314 311 4363 curvantur
335 4307 482 4379 Apollinis
507 4327 600 4366 arcus:
635 4311 668 4364 ln
691 4327 745 4366 nos
770 4310 828 4365 ulta
845 4310 924 4363 lovis
942 4308 1059 4364 dextera
1076 4306 1180 4362 inlmen
1198 4308 1291 4363 babet.
