2932 4986
160 335 224 396 442
566 329 712 384 Iuvenalis
730 332 886 383 suturarum

244 503 286 568 ad
309 523 405 585 quem
427 502 576 586 pervenit
597 501 673 568 leeti
695 519 794 566 sonus
817 507 850 565 et
871 498 1023 565 dominae
1045 517 1119 563 vex.

244 614 400 681 instabile
421 633 460 680 ue
483 613 590 678 dirimi
613 620 761 696 coeptum
784 620 817 678 et
837 614 902 678 ium
925 629 1030 695 paene
1052 611 1197 676 solutum

183 734 222 791 80
246 727 430 810 coniugium
452 726 485 790 in
507 726 617 792 multis
639 724 788 789 domibus
810 724 955 790 servavit
977 722 1113 788 adulter.

245 857 308 920 quo
330 845 363 903 te
385 836 610 921 eircumages?
634 856 719 919 quae
741 838 847 919 prima
869 844 925 902 aut
947 837 1061 903 ultima
1082 835 1216 918 ponas?

247 950 370 1014 nullum
392 968 470 1032 ergo
492 950 642 1032 meritum
664 955 722 1030 est,
747 949 874 1031 ingrate
897 967 935 1013 ae
957 946 1090 1031 perfide,
1116 948 1253 1026 nullum,

244 1061 331 1144 quod
351 1060 411 1126 tibi
433 1059 553 1126 filiolus
575 1060 628 1126 vel
650 1061 717 1126 filia
738 1061 883 1126 uescitur
905 1080 947 1125 ex
968 1059 1046 1124 me?

244 1173 333 1238 tellis
356 1174 441 1238 enim
465 1180 498 1238 et
518 1174 609 1239 libris
632 1179 776 1238 aeterum
799 1190 952 1256 spargere
974 1170 1099 1254 gaudes

182 1292 220 1349 85
245 1294 440 1369 argumenta
461 1285 533 1350 viri.
578 1284 702 1350 foribus
725 1283 891 1367 suspende
911 1302 1061 1348 coronas:

247 1398 314 1461 iam
335 1405 429 1480 puter
451 1415 495 1477 es,
521 1394 669 1463 dedimus
692 1396 778 1480 quod
799 1396 907 1461 famae
929 1413 1093 1479 oppenere
1115 1394 1235 1478 pessis.

246 1511 320 1574 iura
341 1511 486 1592 parentis
508 1509 620 1589 habes,
645 1515 775 1592 propter
796 1528 848 1573 me
871 1507 1021 1572 scriberis
1043 1507 1148 1585 heres,

246 1621 389 1705 legatum
411 1640 505 1685 omne
527 1622 617 1703 capis
640 1641 700 1686 nee
722 1641 786 1685 nen
808 1628 841 1685 et
862 1619 956 1684 dulee
977 1618 1145 1684 eadueum.

264 1770 323 1822 iiis.
360 1768 461 1821 delebat
480 1767 601 1838 Pinzqer.
623 1757 628 1768 ¹

263 1857 303 1905 84.
340 1855 433 1909 titulis
463 1862 589 1910 aeterum
619 1853 728 1906 Servius
764 1860 909 1908 suetorum
939 1850 968 1903 in
994 1850 1114 1920 muryine
1139 1851 1166 1903 P
1200 1868 1297 1903 munus

157 1958 278 2009 pessuma.

231 2063 262 2113 84
272 2077 292 2114 s.
330 2060 405 2115 Serv.
419 2060 502 2129 Verg.
517 2058 549 2115 G.
564 2060 592 2113 II
606 2061 656 2112 502
683 2060 763 2116 tollis
780 2088 815 2097 -
832 2060 904 2123 viri).

229 2182 269 2231 78.
306 2179 368 2232 lecti
383 2197 469 2232 εοηιιε.
511 2179 612 2235 Catuli.
635 2183 692 2246 di
718 2180 885 2249 tremulique
909 2194 1013 2247 quassu
1036 2177 1104 2232 lecti
1128 2176 1296 2245 Argututie.

164 2265 256 2321 Ueber
266 2263 541 2333 dieWiederholung
550 2265 697 2321 desselben
704 2266 817 2320 Wortes
828 2265 957 2321 {lectulus
970 2294 999 2302 -
1011 2264 1087 2324 lecti)
1100 2263 1174 2317 Eiml.
1183 2261 1211 2318 S.
1220 2265 1262 2327 56,
1271 2268 1296 2313 e.

229 2351 355 2403 dominae.
393 2350 433 2404 Zu
452 2353 475 2410 6,
489 2355 529 2402 30.

230 2438 270 2487 sl.
307 2454 374 2505 quae
388 2435 481 2505 prima
503 2442 550 2490 uui
573 2437 666 2491 ultim
679 2438 785 2507 ponae?
819 2435 944 2492 ‘Welche
957 2434 1071 2491 Grunde
1089 2433 1176 2489 willst
1193 2435 1233 2489 du
1253 2435 1297 2489 als

161 2521 337 2577 wirksumste
350 2538 386 2575 au
400 2523 453 2576 den
466 2522 581 2591 Anfang
593 2524 661 2579 eder
679 2524 783 2579 auden
796 2523 910 2579 Schluss
922 2517 1049 2577 setueu?’
1079 2519 1158 2576 (sanz
1170 2521 1210 2574 im
1223 2519 1297 2575 Sinn

161 2609 240 2663 einer
257 2607 329 2662 much
341 2607 534 2663 rhetoriseheu
547 2609 742 2666 Vorschristen
753 2609 920 2678 gemachteu
932 2606 1136 2674 Einwenduug.
1167 2605 1297 2660 Vahlens

160 2693 319 2762 Erkliirung
336 2710 363 2763 p.
383 2696 415 2747 28
435 2696 512 2750 adm:
533 2695 595 2760 Quo
613 2697 638 2761 ii.
658 2711 682 2750 e.
702 2696 779 2765 quid)
798 2702 826 2750 te
845 2697 1020 2762 circumsgas
1038 2697 1087 2747 aut
1105 2706 1179 2760 quse
1201 2693 1296 2758 prima

161 2780 261 2834 ultime
277 2781 387 2849 penas?
407 2782 445 2837 ist
462 2781 506 2836 fiir
525 2783 576 2837 dae
594 2782 693 2837 zweite
712 2781 856 2850 Satzglied
873 2780 958 2835 kuum
975 2778 1106 2847 mdglich.

229 2869 270 2919 84.
307 2867 380 2920 toliis
397 2870 451 2922 wie
470 2872 547 2934 dds.

230 2953 308 3006 libre
326 2959 451 3006 actorum.
484 2954 516 3007 In
536 2955 590 3009 deu
609 2962 674 3011 sets
692 2955 793 3009 diurna
810 2954 926 3007 wurden
945 2949 1241 3017 Familienereignisse
1265 2951 1294 3004 in

164 3037 334 3093 vernehmeu
341 3039 477 3099 Hiiusem,
489 3040 664 3095 namentlieh
673 3040 816 3096 Geburten
827 3039 984 3108 angezeigt.
994 3036 1104 3091 Teuffel
1112 3034 1293 3091 RLG.216.·2.

228 3144 361 3195 sparum,
381 3127 418 3179 im
431 3126 581 3180 Publilium
599 3127 766 3181 verbreiten.
796 3125 861 3178 Tae.
876 3125 977 3178 Diade
996 3139 1053 3178 von
1072 3123 1134 3176 dem
1152 3138 1186 3177 zu
1199 3124 1295 3177 seiner

160 3210 321 3277 Vorlesung
339 3212 527 3267 einladenden
545 3212 672 3266 Dichter:
693 3211 805 3267 libellos
824 3211 969 3279 dispergit„

228 3298 268 3347 85.
298 3297 375 3365 sordi
392 3299 520 3365 suspende
538 3316 654 3350 coronas.
691 3298 731 3351 Zu
749 3301 772 3362 6,
786 3299 826 3348 31.

229 3384 269 3432 87.
306 3381 367 3433 iura
388 3383 517 3449 parentis.
564 3381 682 3436 Taed.
708 3383 804 3437 11128
836 3381 988 3450 privilegis
1017 3386 1171 3450 peremtum.
1220 3379 1294 3433 Plin.

160 3467 343 3535 Panegyris
361 3467 518 3535 locupletes
536 3468 732 3523 adtollendus
750 3469 854 3523 liberos
874 3469 1002 3536 ingentis
1020 3467 1145 3536 praemia
1163 3471 1192 3519 et
1210 3481 1296 3532 pares

160 3567 268 3621 poenue
286 3552 476 3607 adhortantur.

230 3641 339 3690 isi-ee.
380 3638 472 3693 Ueber
496 3640 542 3694 die
565 3641 769 3709 Bevorzugung
794 3642 843 3694 der
865 3640 1098 3695 Verheirutheten
1123 3637 1181 3692 und
1205 3636 1296 3692 Viiter

161 3740 212 3777 vor
231 3724 285 3777 den
304 3724 375 3778 Ehe·
393 3725 451 3778 und
463 3724 651 3782 Kinderlesen
671 3728 708 3781 im
722 3727 857 3783 Erbrecht
875 3726 962 3781 durch
980 3726 1027 3780 lex
1040 3725 1115 3779 lulis
1132 3724 1191 3777 und
1203 3724 1296 3792 Papia

160 3810 295 3878 Poppaea
311 3827 346 3865 zu
367 3815 388 3871 1,
401 3816 440 3863 55.
466 3814 523 3867 Der
535 3813 654 3869 Ehelese
672 3813 779 3868 konnte
798 3814 891 3867 weder
902 3810 1087 3867 Erbsehuften
1099 3809 1172 3864 noch
1184 3811 1295 3876 Legste

161 3901 296 3960 autretem
315 3914 412 3953 ausser
430 3915 510 3954 werm
530 3901 578 3954 der
590 3899 722 3955 'l'estater
739 3917 810 3967 ganz
828 3899 900 3952 uuhe
918 3900 969 3952 mit
988 3898 1043 3951 ihm
1062 3895 1208 3950 verwundt
1225 3910 1294 3949 wer.

163 3984 284 4037 sondern
304 3985 404 4041 erhielt
421 4002 472 4055 gur
487 3987 588 4043 niehts.
608 3987 657 4041 der
669 3986 874 4040 verheirathete
886 3983 1056 4038 Kinderlese
1068 3998 1120 4036 nur
1137 3981 1184 4035 die
1197 3980 1295 4036 Hiilfte

161 4068 211 4122 des
230 4071 285 4124 ihm
303 4071 498 4129 Vermucirten.

231 4160 270 4208 88.
308 4161 442 4212 caducum.
478 4159 546 4214 Was
569 4159 660 4213 einem
679 4157 817 4212 Ehelosen
841 4155 985 4210 vermeeht
1009 4170 1079 4208 wer.
1103 4153 1149 4208 fiel
1171 4169 1206 4208 ee
1229 4153 1296 4222 ipse

163 4256 199 4294 an
217 4242 264 4297 die
284 4245 313 4297 in
332 4245 494 4300 demselben
505 4244 669 4300 Testameut
685 4244 843 4298 beduehten
856 4241 950 4294 i'iiter.
983 4240 1071 4295 Gaius
1089 4240 1181 4293 Instit.
1197 4240 1224 4293 ΙΙ
1243 4242 1296 4290 2⁰6

162 4333 227 4396 pest
245 4328 335 4397 legem
354 4348 421 4386 vere
434 4332 550 4399 Papiam
569 4329 729 4385 deficientis
743 4330 776 4383 (d.
785 4329 809 4382 h.
824 4329 925 4383 desseu
938 4328 987 4382 der
1001 4326 1029 4379 in
1043 4324 1164 4393 Wegiali
1178 4323 1295 4380 kommt'
