2932 4986
439 1203 643 1287 Iuvenalis
671 1205 899 1288 saturarum

480 1336 497 1355 ·
535 1384 632 1449 Liber
654 1391 799 1486 querius.

564 1571 707 1637 Satura
728 1572 770 1636 X.

165 1707 223 1762 Der
241 1706 426 1777 ngenstsnd
443 1708 493 1763 der
511 1707 612 1773 Setino,
632 1708 678 1763 die
695 1707 832 1763 Therbeit
849 1708 908 1763 nnd
919 1708 1168 1766 Verderbliohlreit
1186 1711 1236 1766 der

96 1791 273 1864 gsrrbhnlicb
298 1809 334 1847 sn
359 1791 406 1848 die
425 1794 525 1851 thter
543 1793 719 1863 gerichteten
738 1793 846 1849 (lebete
864 1794 923 1848 und
940 1793 1091 1859 thnsche
1110 1811 1169 1851 war
1187 1798 1235 1851 ein

67 1892 73 1901 ·
97 1880 127 1933 in
151 1879 203 1935 der
227 1877 601 1948 populsrpbilosopbischen
627 1879 686 1934 und
712 1878 907 1935 rhetoriscben
930 1878 1085 1934 Litterstur
1108 1881 1236 1937 offeubsr
1318 1919 1332 1941 .

96 1962 153 2019 vicl
175 1963 373 2030 bebsndelter3
397 1979 430 2019 so
455 1963 486 2018 in
510 1964 574 2019 dem
597 1964 907 2033 pseudoplstcnischen
931 1964 1051 2019 zuoiton
1069 1963 1237 2023 Alcibiades

95 2048 153 2105 und
176 2050 206 2104 in
229 2049 279 2105 der
297 2050 417 2104 uweiten
435 2048 528 2104 Sstire
547 2050 597 2105 des
614 2049 737 2104 Persius.
774 2049 855 2104 Doch
874 2050 950 2119 neigt
967 2050 1028 2104 sich
1045 2051 1092 2106 bei
1111 2051 1236 2108 Juvenal

95 2135 159 2190 sine
184 2133 258 2203 spur
281 2134 405 2190 director
427 2135 596 2203 Benutnung
619 2135 718 2191 beider
740 2134 846 2190 Stticke
871 2135 993 2204 nirgsnd
1016 2138 1060 2200 (ιιι
1077 2136 1112 2190 V.
1126 2140 1150 2201 3)
1177 2138 1236 2192 und

96 2219 167 2275 such
186 2236 244 2275 von
256 2220 312 2275 den
324 2219 502 2275 neblreichen
515 2219 630 2279 Stellen.
650 2221 679 2274 in
693 2220 785 2275 denen
798 2219 907 2275 Senecs
920 2221 982 2276 dies
993 2220 1099 2276 Thema
1110 2222 1235 2289 bertihrt‚

94 2304 143 2361 bnt
159 2305 285 2361 Juvensl
308 2305 474 2361 schuerlich
496 2305 561 2361 eine
579 2321 631 2360 vor
649 2304 752 2374 Augen
771 2305 840 2360 oder
858 2306 897 2360 im
915 2305 1104 2363 Gedichtniss
1122 2308 1235 2378 gehsbt

93 2388 196 2460 l'ran.
214 2406 259 2446 sn.
273 2392 326 2455 t‚3
346 2390 484 2460 quicquid
505 2391 613 2459 optsvi,
633 2390 811 2445 inimicorum
824 2393 1049 2447 exsecrationem
1060 2398 1139 2462 puto.
1163 2395 1236 2464 Epp.

95 2476 135 2542 22,
149 2478 182 2528 1²
199 2492 259 2531 non
275 2476 319 2532 sic
332 2477 474 2545 quomodo
487 2476 546 2541 (diii
559 2476 623 2531 istis
635 2476 754 2545 propitii
768 2482 841 2543 sunt,
860 2477 964 2545 quibus
976 2478 1052 2533 bono
1065 2495 1098 2533 sc
1111 2479 1236 2549 benigno

94 2561 174 2616 voltu
192 2560 269 2616 mels
287 2561 438 2632 magnifice
456 2562 624 2627 tribuerunt,
643 2561 680 2616 sd
697 2560 752 2615 boc
765 2577 852 2615 unum
864 2564 992 2618 excusati
1006 2564 1081 2632 quod
1094 2565 1150 2620 iste
1163 2581 1236 2634 quse

95 2656 188 2713 munt,
205 2663 281 2717 quse
299 2647 472 2709 excrucient,
491 2647 658 2716 optantibus
677 2647 745 2701 dcte
762 2653 836 2702 sunt.
871 2650 941 2714 31st
961 2649 1076 2704 surdum
1094 2656 1123 2705 te
1142 2666 1237 2705 smen-

95 2732 212 2788 tirsimis
230 2733 290 2788 tuis
307 2739 433 2802 praesto:
452 2732 530 2787 bono
548 2733 643 2786 animo
661 2731 735 2786 mels
752 2736 910 2801 precantur.
931 2741 960 2790 et
977 2735 1002 2789 si
1021 2748 1083 2789 esse
1100 2735 1145 2789 vis
1158 2733 1235 2799 felix,

95 2817 163 2874 ticos
181 2833 232 2873 ors
248 2816 358 2887 nequid
375 2817 430 2872 tibi
449 2832 484 2873 ex
496 2817 540 2873 bis
553 2832 626 2886 quse
638 2821 781 2887 optentur,
800 2819 922 2875 eveniet.
952 2820 993 2884 32,
1006 2822 1035 2884 ις
1049 2821 1090 2885 60,
1106 2821 1116 2869 1
1138 2818 1237 2874 etism·

95 2918 168 2958 nune
193 2909 278 2973 optes
302 2903 379 2972 quoti
401 2902 456 2957 tibi
475 2902 588 2972 optavit
604 2903 702 2957 nutrix
721 2908 770 2957 tus
789 2909 839 2958 eut
856 2903 1041 2975 poedagogus
1059 2909 1110 2957 sut
1127 2903 1234 2958 mater?

96 2989 219 3043 nondum
244 2987 390 3057 intellegis
414 2994 551 3057 quantum
575 2987 641 3042 meli
661 2989 842 3057 optaverint?
879 3003 999 3056 oqnsm
1018 2988 1134 3042 inimica
1152 2989 1236 3044 uobis

97 3084 162 3128 sunt
179 3080 250 3128 vote
267 3072 441 3129 nostrorum!
469 3088 503 3129 eo
522 3073 637 3142 quidem
656 3073 817 3128 inimiciora
835 3089 892 3142 quo
910 3087 1021 3128 cessere
1039 3070 1160 3128 felicius.
1180 3074 1236 3128 ism

96 3174 152 3213 non
176 3158 301 3213 sdmiror
323 3159 348 3213 sl
373 3159 468 3214 omnis
491 3175 544 3215 nos
566 3176 584 3214 s
605 3160 698 3228 prims
720 3158 846 3227 pueritie
870 3157 944 3212 mele
964 3165 1132 3226 sequuntur:
1161 3160 1236 3214 inter

96 3245 308 3299 exsecrationes
331 3250 480 3313 parentum
504 3246 652 3300 crevimus.
690 3246 731 3311 95,
745 3247 777 3295 50
801 3244 859 3309 (dii)
879 3243 1033 3312 aliqnando
1052 3245 1149 3312 specie
1167 3245 1236 3300 boni

99 3329 229 3397 puniunt.

164 3413 304 3483 chsgeu
320 3414 371 3470 hst
387 3414 511 3471 Juvenal
529 3415 676 3471 vielleicht
693 3414 787 3469 Valer.
806 3415 878 3469 Max.
892 3414 978 3469 Vns
996 3415 1059 3470 Ext.
1076 3418 1086 3466 1
1107 3415 1236 3471 bsuutnt:

97 3497 228 3555 Socrstes
245 3527 280 3540 -
297 3499 340 3554 nll
357 3499 432 3556 ultrs
449 3500 603 3569 petendum
622 3518 640 3554 s
657 3500 702 3556 dis
721 3499 926 3555 immortalibus
944 3499 1135 3556 arbitrabatur
1154 3517 1237 3570 quem

97 3592 129 3638 ut
145 3583 222 3639 bone
239 3584 405 3650 tribuerent
424 3586 494 3655 quis
511 3586 533 3640 ll
553 3586 663 3641 demum
682 3585 789 3640 scirent
807 3585 878 3653 quid
895 3586 1051 3654 unicuique
1070 3591 1146 3640 esset
1157 3585 1237 3650 utile,

96 3684 148 3725 nos
175 3676 270 3726 sutem
296 3669 462 3740 plerumque
489 3671 520 3725 id
545 3671 622 3725 votis
649 3677 857 3738 expeteremus,
886 3671 964 3739 quod
990 3686 1046 3725 non
1071 3670 1237 3738 impetrasse

96 3752 197 3811 mlius
213 3755 295 3811 foret
315 3785 349 3794 —
362 3784 394 3795 —
414 3756 514 3813 desine
532 3756 621 3825 igitur
640 3755 808 3821 (montelium
827 3760 913 3821 mens)
933 3756 1020 3812 stultu
1034 3753 1137 3810 futuris
1150 3754 1237 3809 malo·

96 3854 155 3894 rum
180 3848 295 3895 tuorum
319 3841 415 3897 censis
440 3870 473 3881 -
498 3842 580 3910 qussi
599 3840 773 3896 felicissimis
796 3840 881 3896 rebus
906 3841 1014 3896 inhisre
1040 3846 1069 3895 et
1093 3846 1122 3895 te
1146 3845 1238 3896 totum

95 3923 262 3981 missuum
285 3926 405 3982 arbitrio
423 3927 567 3997 permitte,
592 3928 661 3995 quis
679 3927 728 3996 qui
748 3926 872 3981 tribuere
890 3926 966 3981 bons
984 3941 1020 3981 ex
1038 3924 1116 3980 facili
1136 3926 1237 3991 solent,

95 4012 182 4067 «inm
199 4012 307 4081 eligere
326 4012 473 4082 aptissime
491 4017 612 4081 possunt
630 4013 742 4076 (altiss.)
760 4011 816 4080 vgl.
837 4028 871 4066 zu
889 4011 923 4065 V.
937 4014 952 4060 :t
966 4027 992 4065 u.
1007 4014 1029 4062 7.

162 4097 218 4153 Die
236 4113 296 4153 son
310 4096 434 4153 Juvennl
452 4097 495 4153 sls
506 4096 650 4167 Beispielo
668 4096 828 4167 gewehtten
840 4097 982 4151 Personen
1000 4095 1137 4165 geborten
1156 4099 1238 4162 (etws

94 4182 145 4238 ruit
161 4181 328 4240 Ansnsbme
346 4183 397 4240 des
416 4181 512 4249 Silius]
537 4199 572 4238 zu
597 4184 652 4238 den
670 4184 700 4238 in
719 4182 953 4239 Declamationen
972 4181 1032 4236 nntl
1049 4182 1239 4239 moruliscben

92 4264 326 4338 Atmnmmgsn
349 4268 433 4338 jeder
456 4267 511 4324 Art
537 4284 582 4322 sm
604 4268 762 4338 hinfigstsn
786 4266 979 4337 angeftihrten.
1023 4266 1061 4324 So
1084 4276 1174 4326 neunt
1196 4269 1239 4325 uls
