2932 4986
261 387 325 451 494
669 383 814 440 Iuvenalis
832 388 991 440 saturarum

349 564 382 622 et
405 576 513 623 coram
536 555 676 622 dominis
699 555 911 634 consumitn13
934 552 1012 620 inde
1033 555 1090 621 ubi
1111 557 1244 640 paulum

347 670 459 735 nescio
482 666 562 750 qnid
584 672 734 750 superest
756 673 789 732 et
809 667 912 751 pallet
934 666 1078 732 faenoris
1101 673 1224 748 auctor,

347 781 404 863 qni
427 785 555 845 vertere
578 779 691 859 solum,
714 776 815 843 Baias
839 775 937 843 etad
960 783 1068 843 ostrea
1084 785 1231 844 currunt.

285 899 323 955 50
348 891 464 956 cedere
487 909 628 970 namque
650 888 720 953 fero
742 889 809 953 iam
831 907 897 954 non
920 898 972 953 est
993 887 1139 955 deterius
1161 909 1260 971 quam

348 1002 514 1083 Esquilias
537 1020 558 1065 a
580 999 720 1065 ferventi
742 999 886 1082 migrare
908 999 1045 1065 Subura.

348 1113 404 1177 ille
428 1111 520 1177 dolor
543 1110 633 1176 solue
655 1111 796 1195 patriam
818 1109 1028 1195 fugientibus,
1051 1111 1110 1178 illa

346 1224 512 1289 maestitia
536 1229 594 1303 est,
619 1222 764 1287 caruisse
787 1241 872 1287 anno
895 1222 1093 1288 circensibus
1116 1242 1190 1289 uno.

346 1335 517 1418 sanguinis
540 1336 575 1399 in
596 1333 683 1399 facie
705 1353 770 1397 non
791 1333 906 1399 haeret
927 1339 1028 1417 gutta,
1052 1342 1222 1400 morantur

284 1454 321 1508 55
345 1447 442 1531 pauci
465 1445 636 1510 ridiculum
660 1451 693 1510 et
713 1442 891 1527 fugientem
914 1463 956 1509 ex
978 1443 1059 1509 urbe
1080 1442 1247 1529 pudorem.

390 1557 560 1640 experiere
583 1553 680 1620 hodie
703 1552 861 1636 numquid
883 1553 1104 1639 pulcherrima
1126 1554 1225 1636 dictu,

363 1832 404 1881 55.
441 1834 470 1884 et
487 1827 644 1898 fugientem
663 1825 849 1888 efficimus
872 1826 1055 1896 animantem
1074 1827 1178 1880 Munro
1197 1829 1274 1896 apud
1291 1830 1394 1900 Meyer

258 1920 372 1984 propter
389 1915 535 1984 ncqlectam
553 1931 691 1968 caesuram
708 1914 849 1982 conform
868 1919 908 1979 10,
922 1920 973 1968 :tce
990 1916 1016 1965 oc
1034 1921 1075 1979 lt,
1089 1919 1146 1968 103.

362 2166 403 2215 te.
440 2160 574 2231 Cypriam
587 2161 677 2215 Exod.
691 2162 724 2212 96
743 2160 795 2216 ille
814 2159 907 2216 eclum
925 2166 1046 2215 vertens.

326 2402 358 2452 54
366 2416 387 2456 ι.
422 2399 559 2455 Priscian.
573 2397 646 2453 VIII
660 2401 683 2465 4,
697 2400 730 2450 23
749 2397 832 2454 GLK.
845 2399 874 2453 11
888 2399 946 2464 389,
962 2399 993 2450 te
1013 2397 1166 2454 tluvenalis
1190 2401 1221 2455 in
1240 2401 1315 2457 IIII:
1338 2422 1398 2460 mo·

255 2491 353 2541 rantur
373 2514 403 2524 -
423 2485 568 2552 pudorem)
588 2483 622 2538 cs.
635 2484 772 2539 Priscian.
786 2482 887 2538 XVIII
900 2484 950 2535 238
969 2480 1051 2538 GLK.
1065 2483 1111 2538 III
1125 2486 1183 2552 361,
1196 2487 1237 2538 22.

325 2728 366 2776 11.
403 2742 492 2777 coram
510 2723 640 2777 dorninis:
660 2724 689 2778 in
708 2723 878 2792 Gegenwart
896 2723 946 2778 der
964 2722 1113 2779 Darleihsr
1132 2724 1182 2789 (als
1200 2725 1250 2782 der
1268 2728 1398 2786 Beaitzcr

255 2812 306 2866 des
324 2810 444 2874 Geldes).
467 2806 528 2864 <1111
546 2809 689 2865 311ιιι1151ιιι
706 2809 833 2864 Freiheit
849 2808 921 2862 wird
940 2807 1072 2864 dominns
1088 2825 1146 2864 von
1173 2810 1237 2866 dem
1255 2813 1398 2870 Besteller

255 2899 334 2952 eines
352 2896 449 2952 Bildes
467 2895 630 2965 gebraucht
666 2894 737 2950 Plin.
751 2895 784 2949 N.
796 2893 822 2947 h.
836 2892 948 2948 XXXV
966 2896 998 2945 30
1017 2892 1144 2959 (colores)
1163 2894 1257 2951 floridi
1276 2905 1345 2954 sunt
1362 2930 1397 2939 —

255 2998 328 3052 quos
357 2983 489 3038 dominus
510 2981 642 3050 piugenti
665 2984 793 3049 praestat
815 3008 851 3018 —
872 2979 992 3033 mininm
1017 2985 1070 3035 etc.
1119 2979 1397 3054 litteraeque

254 3068 399 3123 coloribus
418 3083 489 3136 quos
507 3084 524 3122 a
541 3066 663 3122 domiuis
676 3067 738 3120 dari
751 3064 875 3119 diximus
887 3070 1004 3134 propter
1015 3065 1240 3134 magnitudinem
1252 3071 1328 3137 preti
1341 3076 1396 3126 etc.

254 3156 365 3208 Mueller.

322 3242 363 3290 49.
400 3244 502 3292 vertere
523 3239 614 3291 colum.
660 3236 752 3293 Schol.
778 3235 910 3293 exsilium
932 3236 1002 3304 pati.
1039 3234 1320 3305 cruentasset
1346 3243 1396 3311 qui

253 3324 354 3380 volunt
372 3324 496 3392 aliquam
514 3340 635 3392 poenam
654 3320 849 3392 subterfugere
867 3327 918 3376 ant
935 3322 1137 3384 calamitatem,
1162 3338 1197 3378 so
1220 3324 1313 3380 solum
1331 3343 1395 3383 ver·

252 3416 324 3474 tunt,
342 3408 397 3463 hoc
416 3414 460 3463 cst
477 3409 573 3463 sedem
591 3425 625 3463 ac
642 3409 737 3463 locum
754 3413 872 3463 mutant
900 3407 1013 3464 Patron.
1027 3409 1057 3460 81
1079 3407 1262 3465 conturbavit
1280 3422 1311 3469 et
1328 3411 1395 3468 libi·

252 3495 328 3549 dinis
347 3508 416 3550 suae
435 3495 525 3549 solnm
542 3495 637 3550 vertit.

320 3579 408 3634 Baiae
426 3584 452 3633 et
469 3580 505 3632 ad
521 3584 616 3632 octrea.
652 3579 707 3634 Dic
731 3578 837 3633 Phrase
860 3578 924 3633 dem
946 3578 1150 3650 HendiadycIn
1172 3582 1333 3647 verssanslt5
1359 3600 1394 3637 zu

253 3670 275 3732 1,
290 3668 329 3718 12.
356 3664 409 3722 SG.
423 3665 452 3720 II
473 3668 530 3733 121,
544 3668 567 3717 3.
604 3664 660 3719 Die
678 3662 804 3719 Austern
822 3668 883 3725 (aus
902 3664 966 3721 dem
983 3664 1119 3720 Lucriner
1137 3663 1199 3730 See)
1217 3665 1298 3723 Mart.
1312 3667 1393 3733 1131,

253 3754 353 3804 11-12
372 3752 431 3806 und
449 3769 483 3807 zu
500 3755 525 3818 l,
540 3752 673 3802 rte-141
694 3749 753 3804 und
772 3751 795 3815 8,
809 3751 849 3801 86.

322 3842 363 3890 50.
400 3839 490 3892 cedere
501 3840 578 3908 sero,
597 3853 629 3891 sc
648 3835 721 3891 anch
740 3834 803 3891 Seu.
822 3835 928 3891 Beneff.
942 3834 985 3891 1v
997 3837 1038 3902 39,
1052 3837 1067 3887 2
1086 3835 1145 3890 und
1157 3835 1243 3907 Digg.
1257 3837 1328 3893 XVI
1342 3842 1392 3895 31

250 3928 265 3987 ξ
285 3927 300 3976 2
319 3924 433 3993 quoties
451 3923 513 3978 foro
532 3922 638 3978 cedunt
655 3920 844 3977 nummularii.

320 4012 360 4061 51.
397 4008 541 4078 Esquilias.
578 4009 619 4065 Ζιι
637 4010 716 4074 3,11.

313 4095 441 4165 ferventi
456 4124 491 4134 -
512 4095 625 4147 Subura.
663 4093 703 4148 Zn
723 4096 746 4160 3,
766 4096 790 4144 5.

320 4183 360 4231 53.
397 4199 474 4232 asino·
510 4180 566 4235 Eiu
584 4179 703 4235 Ablativ
722 4177 870 4236 derselben
887 4177 949 4244 Art
968 4178 1023 4235 wie
1042 4180 1074 4229 12
1093 4184 1174 4247 parte
1193 4179 1269 4232 anni.

320 4266 360 4315 54.
380 4268 421 4316 55.
457 4264 579 4333 Wenige
600 4264 697 4321 haltan
719 4266 767 4321 die
786 4264 886 4322 Sciam
910 4262 978 4328 fest,
1008 4264 1056 4318 die
1078 4279 1130 4318 aus
1152 4263 1226 4317 Rom
1254 4263 1390 4321 entflielrt

249 4350 275 4403 d.
289 4347 315 4402 h.
328 4349 440 4418 wenige
457 4349 608 4406 bewahren
626 4350 700 4405 noch
718 4348 981 4418 SchamhaItngeit
