2932 4986
252 349 314 412 536
658 341 803 398 luvenalis
821 348 978 397 saturarum

336 518 444 601 arguit
464 515 606 600 ipsorum
629 534 710 597 quos
731 516 840 580 littera
861 534 1054 597 gemmaque
1077 516 1229 600 princeps

336 627 582 713 sardonychum,
605 626 720 692 loculis
744 646 828 708 quae
850 626 1028 692 custoditur
1051 627 1191 709 eburnis,

253 750 312 805 140
337 748 391 806 ten
412 777 456 788 -
478 759 496 805 o
519 739 655 805 delicias
676 776 720 785 —
742 745 837 804 extra
859 739 1041 804 communia
1063 757 1179 805 censes

336 851 530 936 ponendum,
555 852 632 932 quia
654 857 690 916 tu
712 851 855 934 gallinae
878 850 965 915 filius
988 850 1093 932 albae,

335 982 393 1028 nos
416 962 500 1027 viles
522 962 604 1046 pulli
627 963 695 1026 nati
718 960 906 1027 infelicibus
929 961 1024 1027 ovis?

336 1095 404 1140 rem
427 1075 550 1158 pateris
572 1072 732 1138 modicam
756 1081 788 1138 et
809 1072 964 1139 mediocri
987 1074 1053 1140 bile
1075 1074 1253 1155 ferendam,

336 1186 364 1250 si
386 1185 498 1251 flectas
521 1187 632 1250 oculos
654 1187 778 1250 maiora
800 1183 843 1250 ad
865 1186 1009 1250 crimina.
1055 1185 1166 1251 confer

254 1305 311 1361 145
336 1297 528 1364 conductum
550 1299 716 1379 latronem,
739 1296 891 1362 incendia
912 1299 1044 1380 sulpure
1067 1304 1182 1382 coepta

336 1418 435 1491 atque
457 1408 540 1489 dolo,
565 1410 685 1493 primos
708 1426 779 1473 cum
802 1409 902 1473 ianua
924 1409 1048 1492 colligit
1068 1410 1176 1492 ignes,

335 1520 446 1586 confer
469 1527 501 1586 et
522 1520 592 1602 hos,
616 1521 735 1585 veteris
756 1520 812 1603 qui
833 1519 950 1586 tollunt
971 1520 1111 1605 grandia
1132 1521 1245 1604 templi

336 1633 455 1716 pocula
477 1630 665 1697 adorandae
688 1632 844 1714 robiginis
867 1637 900 1696 et
921 1634 1113 1716 populorum

337 1743 422 1810 dona
442 1744 497 1809 vel
520 1744 653 1825 antiquo
675 1744 799 1826 positas
821 1763 842 1807 a
864 1762 942 1826 rege
964 1763 1115 1823 coronas;

255 1864 311 1919 150
336 1856 417 1921 hacc
439 1856 485 1920 ihi
507 1856 535 1919 si
558 1874 622 1919 uon
646 1861 728 1936 sunt,
752 1855 856 1920 minor
880 1862 987 1920 exstat
1008 1856 1189 1940 sacrilegus
1213 1858 1268 1938 qui

336 1967 432 2033 radat
453 1967 593 2031 inaurati
617 1965 721 2030 femur
743 1965 892 2031 Herculis
916 1973 947 2031 et
969 1966 1087 2032 faciem
1109 1969 1213 2052 ipsam

335 2080 487 2162 Neptuni,
513 2079 569 2159 qui
590 2076 783 2143 bratteolam
807 2077 848 2143 de
871 2078 1005 2144 Castore
1028 2079 1125 2145 (14441
1147 2116 1189 2128 -

336 2211 378 2255 an
401 2189 527 2255 dubitet
548 2190 663 2254 solitus
686 2196 787 2254 totum
810 2190 951 2255 conflare
973 2191 1177 2257 Tonantem?
1202 2230 1244 2239 -

357 2363 411 2412 141.
448 2360 524 2428 quia]
543 2360 632 2428 quid?
654 2361 793 2414 Heinrich.

355 2448 411 2497 153.
448 2462 484 2499 au
502 2445 635 2501 dubitet?
655 2448 798 2502 solitumst
817 2449 919 2517 Mayor
936 2466 995 2501 cum
1014 2449 1151 2502 Muaroio.

249 2612 367 2676 buchen,
393 2613 422 2667 in
446 2612 569 2667 welchcs
594 2614 641 2669 die
665 2615 873 2684 eigenh'a'ndige
895 2614 1108 2684 Anerlreuuuug
1131 2617 1181 2671 der
1199 2616 1304 2672 Schuld
1329 2634 1384 2672 von

250 2698 347 2754 Seiten
366 2700 416 2754 des
430 2697 600 2754 Schuldners
619 2699 852 2769 (chirographum)
872 2701 1055 2770 eingetragen
1074 2702 1282 2757 1411118441.
1320 2703 1382 2772 Vgl.

250 2785 322 2839 auch
340 2784 468 2840 Ambros.
488 2785 531 2839 De
549 2784 720 2848 Τ41414924
743 2802 842 2841 aurum
860 2787 1002 2853 dedimus,
1026 2787 1136 2856 lignum
1152 2795 1281 2843 tenemus
1299 2818 1331 2827 -
1350 2819 1384 2828 -

250 2873 344 2926 otiosa
362 2870 490 2926 causatio
510 2878 560 2937 est,
580 2872 679 2927 saltem
697 2880 849 2927 renovetur
867 2872 1090 2941 chirographum.

319 2974 388 3010 4444
413 2957 574 3026 rupervccuc'
599 2973 631 3012 44
657 2957 715 3013 4141
741 2957 783 3012 414
809 2974 883 3012 vona
908 2957 1096 3028 chirographa
1122 2965 1151 3014 41
1177 2975 1383 3029 supervacuum

250 3043 365 3112 lignum.

320 3132 376 3180 139.
412 3128 610 3196 sardonychum.
647 3128 687 3183 Zu
705 3131 800 3195 11382.

321 3217 377 3266 144.
413 3232 428 3265 4
446 3213 573 3267 deliciae:
593 3230 610 3268 o
630 3215 699 3269 llber
717 3215 763 3270 die
781 3215 924 3270 Narrhcit!
943 3231 978 3270 44
996 3219 1020 3281 6,
1033 3218 1074 3267 tt.

320 3302 377 3350 141.
412 3299 527 3368 pollinae
541 3299 623 3370 filius
641 3300 723 3353 albae.
759 3297 825 3356 ‘Der
842 3300 1032 3356 hanuhsiscbe
1050 3301 1213 3356 Ausdruok:
1241 3301 1267 3356 lc
1286 3302 1330 3358 fils
1349 3304 1384 3360 (14

249 3386 277 3440 14
295 3383 380 3452 poulo
398 3384 524 3448 blanche,
543 3386 593 3439 dor
611 3385 698 3441 sehon
710 3386 767 3440 4411
778 3386 834 3442 (144
846 3392 941 3442 444144
952 3386 1108 3457 4144341444
1120 3388 1169 3442 (144
1182 3387 1384 3445 Wdrtcrbuchs

249 3472 299 3525 der
316 3469 471 3525 Academic
494 3469 536 3524 414
558 3470 680 3526 44441141
701 3471 768 3540 3111,
791 3472 934 3541 begegnet
956 3472 1170 3529 altlranzbsisch
1188 3474 1247 3528 und
1264 3489 1317 3529 vor
1335 3475 1385 3531 der

249 3557 442 3611 Renaissance
467 3557 497 3610 in
520 3554 693 3611 Frankreich
716 3558 790 3612 noch
812 3558 904 3625 nicht;
929 3558 1001 3613 ohne
1020 3558 1134 3614 chifel
1156 3559 1258 3614 beruht
1282 3577 1313 3615 44
1336 3560 1389 3616 auf

248 3642 460 3711 Uebersetauug
477 3643 535 3697 und
554 3643 592 3696 ist
609 3643 670 3697 rein
688 3641 876 3699 litterarisch?
906 3645 1016 3697 (acca.
1041 3646 1106 3699 1144
1124 3644 1229 3700 44141141
1242 3645 1297 3700 dou
1310 3646 1384 3701 Ans·

249 3728 339 3784 druclr
369 3745 420 3784 444
445 3729 494 3783 (144
520 3729 657 3797 34414344
682 3729 899 3785 Fruohtbarkeit
926 3731 1041 3785 weisser
1067 3731 1185 3786 Hennen
1216 3730 1385 3794 (Columella

249 3816 321 3869 Vlll
335 3817 388 3879 ²‚⁷;
417 3831 449 3870 44
468 3813 610 3875 Heinrich)
630 3815 698 3869 oder
717 3816 832 3881 daraus,
853 3816 918 3871 dass
937 3818 1001 3871 eine
1019 3818 1120 3872 weissc
1139 3817 1250 3883 Henna,
1269 3818 1317 3873 dic
1337 3819 1383 3873 ein

249 3899 339 3957 Adlor
364 3903 393 3955 in
410 3901 508 3954 Livias
526 3899 649 3956 Schooss
673 3900 759 3957 fallen
777 3901 858 3968 11444,
883 3903 947 3957 4144
966 3918 1064 3970 344444
1082 3902 1385 3959 Nachkommenschaft

248 3986 326 4043 hatte
346 3986 468 4052 (Sueton.
489 3984 579 4041 Galba
593 3989 619 4052 l;
638 4004 670 4042 44
688 3988 821 4042 Erasmus
839 3989 898 4043 und
915 3989 1017 4043 llartiu
1036 3988 1167 4044 Courrier
1186 3988 1220 4042 (14
1239 3987 1385 4057 14434144

251 4074 316 4124 1871)
335 4088 361 4140 p.
379 4074 446 4137 lstl:
465 4073 563 4128 heides
580 4073 673 4142 gleich
693 4072 936 4143 unbefriedigoud.

322 4161 376 4209 145.
412 4161 522 4228 eulpam
539 4188 573 4198 -
594 4162 649 4211 146.
669 4164 760 4230 Atque
777 4161 843 4212 dolo.
881 4161 921 4215 Zu
942 4163 963 4224 l,
978 4162 1017 4211 72.

322 4245 376 4294 146.
413 4243 476 4312 Vgl.
490 4246 514 4310 9,
528 4247 560 4297 94
579 4246 724 4301 candelam
743 4261 886 4315 apponere
904 4246 1004 4301 valvis.

321 4330 377 4379 153.
412 4329 514 4383 colitur.
549 4331 622 4386 Eine
645 4331 799 4401 allerdiugs
823 4331 886 4387 sehr
908 4330 1003 4386 starke
1026 4332 1084 4387 und
1105 4346 1177 4400 3444
1195 4332 1384 4398 4444444444.
