2932 4986
241 353 303 417 582
649 346 794 403 Iuvenalis
812 354 971 402 saturarum

325 522 401 586 binc
423 522 567 586 ieiunum
590 517 709 584 odium.
756 517 814 583 sed
836 519 944 601 iurgia
966 519 1071 602 prima
1093 538 1208 584 sonare

325 634 485 716 incipiunt
506 631 624 697 animis
646 630 843 711 ardentibus,
869 631 950 695 baec
971 631 1051 696 tuba
1072 632 1173 696 rixae.

326 744 402 811 dein
424 747 563 809 clamore
586 744 657 826 pari
681 743 889 823 concurritur,
915 749 947 807 et
969 742 1042 807 vice
1063 742 1120 808 teli

325 858 431 922 saevit
452 855 540 920 nuda
562 872 687 919 manus.
732 873 857 938 paucae
880 854 952 918 sine
974 855 1111 920 vulnere
1133 856 1249 934 malae,

262 978 300 1032 55
325 970 380 1032 vix
402 968 551 1049 cuiquam
574 973 630 1031 aut
651 965 733 1030 nulli
756 972 822 1031 toto
845 968 1022 1032 certamine
1044 984 1144 1031 nasus

322 1080 459 1162 integer.
504 1079 669 1161 aspiceres
691 1078 756 1142 iam
779 1085 896 1143 cuncta
917 1097 976 1162 per
998 1080 1131 1162 agmina
1153 1079 1262 1144 vultus

324 1190 484 1272 dimidios,
509 1190 591 1254 alias
613 1189 717 1255 facies
740 1197 772 1255 et
794 1189 920 1254 hiantia
941 1191 1044 1272 ruptis

324 1323 399 1369 ossa
420 1303 522 1387 genis,
547 1304 661 1385 plenos
684 1302 848 1366 oculorum
870 1303 1030 1385 sanguine
1052 1320 1189 1385 pugnos.

324 1415 437 1480 ludere
461 1433 498 1478 se
520 1413 657 1479 credunt
679 1413 742 1496 ipsi
764 1421 875 1478 tamen
897 1421 930 1478 et
952 1413 1087 1495 puerilis

261 1535 299 1591 60
325 1545 479 1592 exercere
502 1525 599 1605 acies,
623 1524 709 1608 quod
731 1524 822 1590 nulla
844 1523 1005 1590 cadavera
1028 1524 1164 1590 calcent.

325 1646 357 1704 et
379 1657 458 1703 sane
481 1657 544 1720 quo
567 1643 613 1702 tot
635 1637 772 1702 rixantis
794 1637 884 1702 milia
905 1636 1030 1717 turbae,

325 1752 352 1815 si
375 1750 488 1814 vivunt
509 1747 646 1814 omnes?
672 1768 749 1832 ergo
772 1748 876 1813 acrior
898 1749 1048 1831 impetus,
1073 1755 1105 1813 et
1127 1749 1191 1814 iam

324 1881 406 1927 saxa
427 1859 593 1925 inclinatis
614 1878 674 1944 per
695 1859 827 1924 humum
850 1862 999 1942 quaesita
1021 1860 1154 1925 lacertis

323 1973 482 2056 incipiunt
502 1980 664 2052 torquere,
688 1971 868 2037 domestica
890 1972 1042 2037 seditioni

260 2094 298 2149 65
322 2085 397 2163 tela,
422 2102 482 2148 nec
505 2083 592 2148 bunc
613 2081 766 2165 lapidem,
793 2084 898 2165 qualis
922 2092 954 2149 et
976 2085 1104 2149 Turnus
1127 2091 1159 2150 et
1181 2083 1277 2165 Aiax,

322 2199 376 2262 551
398 2215 460 2279 quo
483 2193 628 2278 Tydides
650 2196 811 2279 percussit
832 2196 976 2279 pondere
998 2215 1112 2261 coxam

322 2307 464 2387 Aeneae,
488 2305 546 2371 sed
570 2325 667 2387 quem
689 2308 822 2371 valeant
845 2308 993 2373 emittere
1016 2307 1150 2373 dextrae

322 2417 389 2482 illis
412 2415 587 2482 dissimiles
611 2424 643 2482 55
665 2425 775 2482 nostro
798 2424 941 2502 ternpore
964 2427 1070 2484 natae.

322 2550 397 2593 nam
419 2548 523 2611 genus
546 2528 608 2593 boc
630 2530 705 2593 rivo
728 2531 794 2594 iam
817 2530 1028 2597 decrescebat
1049 2531 1200 2610 Homero,

340 2685 450 2737 63-66.
487 2684 571 2753 Verg.
589 2683 624 2738 A.
642 2685 700 2739 Xll
719 2687 769 2737 896
791 2701 890 2740 saxum
917 2686 1113 2754 circumspicit
1140 2687 1241 2755 ingens
1263 2714 1297 2725 -
1322 2688 1369 2738 897

236 2788 336 2840 campo
355 2770 433 2840 qnod
451 2768 521 2824 forte
541 2771 654 2827 iaccbat
671 2801 705 2810 -
722 2774 773 2823 906
792 2771 888 2839 qualia
906 2788 981 2826 nnnc
999 2772 1142 2826 bominum
1160 2772 1295 2841 producit
1311 2788 1371 2826 cor·

235 2874 306 2926 pora
334 2857 418 2912 tellus
446 2855 497 2911 1115
525 2873 609 2911 manu
636 2865 747 2926 raptum
774 2857 887 2926 trepida
911 2858 1062 2927 torquebat
1086 2857 1116 2913 in
1138 2858 1249 2913 hostem
1266 2887 1301 2897 —
1320 2859 1369 2910 961

237 2959 370 2999 saxumve
390 2945 509 2998 immane
528 2949 694 2998 moventem.

306 3083 345 3133 66.
383 3078 459 3135 Serv.
474 3079 557 3148 Verg.
572 3077 606 3133 A.
621 3079 681 3133 196
700 3079 742 3134 lV
754 3081 804 3132 228
824 3082 877 3146 (vel
895 3110 929 3119 -
947 3080 1079 3145 Aeneae.

304 3218 343 3266 52.
382 3216 545 3269 trebericae.
583 3217 624 3271 Zu
645 3221 666 3282 l,
683 3220 738 3269 169.

304 3304 336 3351 53
347 3317 368 3354 5.
405 3299 485 3357 Ouid.
499 3303 533 3356 bl.
547 3302 604 3356 XII
618 3305 664 3354 381
686 3302 821 3371 saevique
839 3304 931 3358 vicem
949 3306 1125 3372 praestantia
1143 3305 1193 3361 teli
1213 3303 1333 3360 Cornua.

304 3389 344 3436 55.
381 3391 428 3438 aut
447 3409 478 3432 =
498 3387 567 3442 oder
585 3387 726 3442 vielmehr.
764 3388 848 3443 Hand
865 3389 1081 3445 15555111539.

304 3473 367 3525 565.
405 3473 493 3524 cubus
512 3472 656 3526 Dimidios.
693 3474 734 3528 Zu
752 3476 776 3540 6,
790 3477 813 3527 1.

303 3560 335 3609 64
345 3573 365 3612 5.
402 3557 543 3611 domestica
566 3559 693 3611 seditioni
718 3560 790 3613 Tela.
832 3561 865 3615 H.
886 3560 920 3615 Δ.
940 3563 1023 3617 XXX
1041 3563 1156 3632 tyranni
1175 3564 1245 3628 22,1
1274 3563 1368 3618 multi·

234 3643 304 3697 tudo
324 3641 528 3706 (Aemilianum)
549 3646 625 3699 omni
644 3645 817 3701 seditionum
837 3648 1024 3703 instrumento
1048 3655 1078 3703 55
1099 3647 1194 3703 furore
1218 3656 1368 3716 persecute

234 3736 290 3784 est:
310 3730 384 3785 ictus
402 3737 446 3785 est
463 3729 615 3796 lapidibus,
634 3732 742 3799 petitus
761 3738 806 3787 est
823 3731 904 3799 ferro,
927 3751 981 3789 nee
999 3733 1091 3789 defuit
1108 3735 1194 3789 ullum
1217 3734 1368 3790 seditionis

233 3816 328 3870 telum.

303 3903 343 3953 65.
363 3903 403 3953 66.
440 3901 495 3956 Die
520 3900 624 3960 Grbsse
646 3904 696 3958 der
720 3921 777 3959 von
801 3906 856 3961 den
875 3907 986 3962 Heroon
1012 3907 1246 3975 geschlenderteu
1270 3906 1368 3961 Stcine

234 3985 276 4040 als
289 3987 399 4041 Beweis
418 3988 496 4042 einer
515 4006 571 4044 von
590 3989 645 4045 den
663 3995 779 4060 spitern
791 3991 1001 4048 Generationen
1019 3993 1091 4046 auch
1108 3993 1188 4048 nicht
1206 3991 1370 4047 anntihernd

233 4073 392 4127 erreicbten
416 4074 511 4129 Kraft:
538 4076 618 4131 Hom.
637 4077 668 4130 11.
685 4078 711 4132 Η
730 4079 780 4129 268
796 4094 817 4132 5.
844 4079 944 4141 (Aion.
982 4077 1065 4145 Verg·
1086 4076 1119 4132 A.
1140 4078 1197 4133 Xll
1216 4080 1364 4130 896-961

234 4155 373 4219 dumus).
393 4159 472 4214 Hom.
487 4161 519 4215 ll.
532 4163 555 4216 E
569 4165 704 4214 302-305
724 4164 901 4227 (Diomedes).

302 4246 411 4295 69-71.
448 4245 628 4316 Auspielung
652 4248 704 4303 aui
718 4251 768 4303 das
787 4249 837 4302 cios
858 4251 899 4313 (ol)
918 4254 960 4299 νῦν
980 4247 1065 4318 βροτοί
1083 4250 1130 4300 εἰσι
1149 4249 1195 4303 bei
1214 4249 1319 4305 Homer
1339 4253 1368 4306 in

233 4326 288 4380 den
306 4327 493 4395 angefllhrten
512 4332 619 4387 Stellen
638 4334 697 4388 und
715 4333 787 4388 11Α
801 4336 850 4385 272
869 4334 928 4388 und
946 4333 1042 4387 11149.
